3088 4886
754 239 804 304 G'u
825 251 903 306 otto:

719 409 721 414 ’
764 413 897 480 Karitus

333 527 366 586 in
382 527 526 588 Sardinia
543 527 570 586 X
586 530 685 590 rats:
705 528 870 586 Torbenius
890 526 1022 588 Karitus.

333 618 389 677 hoe
407 635 529 693 nomen,
555 618 580 676 si
598 635 705 678 reuera
723 617 850 677 latinum
870 619 924 693 est,
943 617 981 676 ab
1001 616 1147 678 adiectivo
1167 634 1253 677 carus
1273 616 1417 695 originem

243 706 343 786 habet,
364 710 398 766 ut
417 725 436 766 a
455 707 531 766 bono
551 707 687 767 Bonitus.

774 808 889 873 (tantm

333 921 391 980 hoc
404 940 511 980 nomeu
527 922 646 998 aliaque
660 939 764 998 pauca,
779 939 856 997 quae
872 921 975 980 eodem
989 922 1138 998 prognata
1146 920 1287 980 uidentur
1301 939 1418 998 genere,

246 1011 515 1087 praetermittenda
543 1030 602 1070 non
631 1029 695 1070 esse
723 1009 838 1088 censui,
862 1011 997 1086 quamvis
1022 1009 1112 1068 dubia
1137 1010 1177 1069 sit
1201 1029 1302 1070 eorum
1326 1011 1418 1070 inter·

246 1099 377 1175 pretatio
397 1119 433 1158 ex
452 1099 626 1159 Italicarum
644 1101 815 1177 linguarum
833 1099 989 1176 naufragio
1009 1100 1153 1177 conlecta,
1178 1103 1208 1159 et
1227 1098 1357 1160 Celticae
1376 1101 1419 1158 in·

245 1207 338 1263 super
355 1188 477 1266 linguae
498 1189 632 1266 reliquiis
651 1189 768 1249 turbari
787 1187 932 1248 videatur.
972 1186 1075 1247 Celtae
1094 1188 1171 1247 enim
1191 1208 1228 1247 ex
1246 1190 1349 1249 eodem
1368 1209 1418 1249 vo·

246 1279 361 1352 cabulo,
386 1296 404 1336 a
423 1297 480 1354 quo
500 1297 586 1338 carus
605 1281 637 1337 et
656 1278 765 1338 caritas
784 1279 814 1336 in
839 1278 933 1336 latino
953 1295 1089 1338 sermone
1108 1279 1176 1336 orta
1194 1279 1277 1353 sunt,
1300 1278 1420 1338 nomina

245 1365 397 1426 finxerunt
421 1366 563 1441 Carantii,
588 1366 698 1445 Carati,
722 1365 876 1426 Carantini
895 1366 1013 1444 aliaque
1036 1365 1155 1426 similia.
1192 1385 1268 1443 quae
1286 1366 1336 1426 vel
1354 1386 1420 1426 eam

247 1457 284 1515 ob
308 1474 428 1515 eausam
447 1456 589 1517 Romanis
613 1456 810 1516 abiudieanda
833 1459 917 1532 suut,
941 1455 1012 1532 quia
1034 1455 1114 1516 inter
1133 1453 1233 1516 Celtas
1257 1456 1320 1516 fere
1340 1457 1420 1517 solos

245 1543 447 1612 inveniuntur.

336 1634 388 1694 sed
402 1634 534 1694 locorum
552 1634 821 1711 grammaticosque
834 1635 951 1694 ratione
969 1633 1073 1694 habita
1087 1634 1208 1710 linguae
1223 1633 1345 1694 Italicae
1365 1653 1419 1710 pro

246 1723 307 1782 suis
326 1723 504 1784 vindicanda
528 1723 602 1782 mihi
621 1724 761 1784 ridentur
778 1724 900 1782 nomina
925 1743 1000 1800 quae
1020 1726 1090 1782 sunt
1109 1723 1229 1798 Castus,
1256 1721 1420 1800 Cartullus,

245 1810 374 1890 Cartius,
394 1811 545 1884 Cartilius,
568 1812 736 1890 Cartorius3
756 1813 883 1872 fortasse
898 1832 934 1872 ex
948 1813 1053 1872 eodem
1073 1831 1183 1891 genere
1203 1817 1274 1872 sunt
1288 1811 1420 1891 Carsius,

247 1899 405 1976 Carsiolis,
426 1899 584 1961 Carsidius.

337 1989 443 2050 Cantus
468 1991 545 2050 enim
571 1994 692 2068 etymon
715 1991 808 2050 habet
830 1991 868 2051 ab
892 2011 926 2051 eo
945 1990 1052 2069 verbo,
1066 1997 1094 2050 'a
1113 2009 1170 2066 quo
1189 1991 1220 2050 in
1239 1990 1420 2051 Umbrorum

247 2080 352 2155 lingua
371 2083 418 2139 est
436 2080 528 2140 kartu
547 2073 592 2160 (ΙΙ
608 2081 633 2139 A
650 2083 700 2154 23,
719 2081 739 2142 i.
754 2099 778 2139 e.
798 2072 997 2162 distribuito);
1035 2082 1164 2157 cognata
1182 2081 1229 2139 est
1248 2099 1305 2140 vox
1322 2082 1420 2140 curnis

248 2159 361 2248 (ambr.
381 2170 464 2244 karu,
491 2188 549 2231 ose.
573 2171 688 2230 carneis
712 2169 731 2228 i.
751 2189 775 2228 e.
795 2169 903 2246 partis,
924 2169 959 2229 cf.
978 2169 1088 2229 Buech.
1108 2169 1163 2229 lex.
1183 2169 1220 2229 It.
1235 2164 1316 2247 XII).
1353 2168 1421 2230 vids

247 2253 345 2315 etiam
360 2257 515 2319 Carseolos
534 2259 678 2328 coloniam
701 2251 780 2338 (Liv.
794 2259 822 2317 X
837 2253 880 2340 3),
900 2262 931 2318 et
949 2257 1088 2318 Ctrsulas
1108 2258 1251 2334 oppidum
1270 2258 1421 2319 Umbriae.
1536 2273 1537 2280 ’

336 2366 445 2407 nomen
465 2347 550 2408 Carti
568 2349 661 2408 semel
679 2348 781 2408 inveni
799 2349 829 2406 in
849 2348 937 2408 titulo
952 2347 1126 2419 Saraaitiea;
1147 2347 1311 2406 Cartalam
1327 2368 1420 2407 unum

246 2437 278 2496 in
292 2435 400 2511 Africa
407 2457 419 2508 ,·
439 2435 555 2498 Cartias
572 2440 634 2497 tres
651 2436 764 2509 Ostiae,·
784 2436 902 2498 Cartitii
916 2437 1106 2514 adparentia
1120 2439 1243 2496 arbaais
1257 2436 1353 2496 titulis
1369 2457 1422 2496 un-

247 2526 354 2605 decim,
372 2527 403 2584 in
423 2527 554 2605 quinque
575 2525 761 2603 Ostiensibus,
780 2530 811 2586 in
831 2525 962 2587 Camaaa
981 2546 1048 2601 uno,
1067 2527 1099 2586 in
1121 2525 1239 2586 Calliae
1254 2524 1422 2600 Cisalpinae

246 2615 345 2675 titulis
364 2616 476 2691 tribus,
500 2617 532 2674 in
550 2635 609 2676 uno
627 2615 781 2691 Africana.
820 2614 948 2676 Cartarii
973 2635 1081 2676 nomen
1100 2615 1192 2675 semel
1210 2615 1323 2674 Rornae
1340 2617 1421 2674 inve·

246 2705 338 2784 nitur,
357 2707 450 2764 semel
470 2703 576 2774 Ostiae,
597 2705 689 2765 semel
707 2706 843 2772 Patentis,
862 2709 909 2763 ter
928 2706 1053 2771 Patauii,
1079 2703 1125 2762 bis
1151 2704 1283 2763 Vicetiac.
1322 2701 1421 2761 Carsii

247 2793 358 2870 singuli
376 2795 568 2870 reperiuntur
586 2793 714 2859 Arelate,
740 2793 841 2870 Gtaai,
862 2791 957 2851 Attae
975 2793 1148 2865 Pompeiae·
1175 2790 1324 2850 Carsioias
1342 2808 1420 2849 unus

249 2881 358 2950 Cumis
379 2882 518 2942 Carsidia
537 2901 596 2940 una
615 2883 743 2952 Itomae;
762 2880 904 2940 Carsedia
923 2899 983 2939 una
1000 2881 1031 2939 in
1050 2881 1164 2940 Picena.

336 2971 375 3029 M.
394 2971 501 3047 Ulpius
521 2971 559 3030 M.
579 2972 600 3032 f.
620 2969 727 3029 Certus
747 2970 843 3029 estin
861 2970 950 3030 titulo
971 2969 1131 3030 Samnitico
1149 2968 1193 3029 IX
1209 2971 1305 3030 6311.

752 3139 916 3230 (caseus)

336 3257 469 3318 eiusdem
495 3257 620 3334 originis
643 3259 733 3333 atque
758 3256 847 3337 Caso,
876 3275 994 3332 casnar,
1019 3255 1161 3316 Casinum
1186 3249 1300 3338 (forum
1324 3259 1420 3329 vetus,

249 3347 335 3407 Varr.
359 3348 379 3406 l.
398 3347 416 3407 l.
437 3347 496 3407 VH
517 3339 584 3427 29),
609 3345 774 3406 Casilinum
800 3347 941 3405 videntur
972 3365 1036 3406 esso
1060 3347 1181 3406 nomina
1207 3345 1314 3405 Italica
1338 3344 1419 3404 Casi-

250 3436 325 3513 dius,
346 3433 525 3515 Casldarius,
544 3434 698 3514 Casienus,
715 3435 860 3509 Casinius,
876 3433 1040 3509 Casineius,
1055 3433 1204 3510 Casorius,
1223 3435 1299 3511 alia3
1318 3453 1421 3493 verum

248 3527 279 3585 in
291 3524 443 3585 Celtarum
458 3526 561 3603 lingua
576 3524 696 3586 videtur
710 3525 888 3585 vocabulum
903 3524 995 3583 fuisse
1009 3542 1095 3584 casae
1109 3543 1168 3584 non
1183 3527 1302 3583 tantum
1316 3523 1422 3598 forma,

249 3614 301 3675 sed
325 3616 415 3674 etiam
436 3614 651 3692 significatione
675 3615 780 3692 simile,
804 3614 1040 3690 aqueductum
1066 3615 1114 3673 est
1132 3606 1273 3672 ‘casamo'
1293 3613 1312 3670 i.
1327 3631 1352 3671 e.
1372 3613 1421 3670 ad·

249 3708 380 3764 sectator
395 3698 531 3784 (Quintil.
546 3704 615 3763 inst.
630 3703 645 3762 Ι
660 3705 688 3778 5,
705 3698 738 3783 8)
755 3707 793 3780 et,
807 3707 842 3761 ut
856 3703 970 3780 opinor,
990 3701 1094 3762 Casius
1110 3702 1182 3762 deus
1197 3693 1307 3783 (CIRh.
1326 3703 1420 3777 1458,

249 3795 350 3854 confer
369 3793 440 3853 deos
459 3787 659 3874 domesticos).
693 3793 817 3852 eandem
837 3793 981 3869 originem
1001 3793 1093 3850 habet
1110 3811 1218 3851 nomen
1238 3789 1340 3850 Casati
1355 3788 1420 3848 Cel-

249 3883 355 3955 ticum,
384 3883 493 3960 quippe
518 3881 598 3959 quod
621 3883 652 3940 in
677 3881 849 3958 regionibus
874 3879 994 3941 Celticis
1020 3881 1205 3959 inueniatur3
1233 3877 1420 3956 gentilicium

250 3971 363 4030 Casatii
384 3975 430 4030 est
453 3971 484 4030 in
507 3972 597 4031 titulo
620 3970 735 4031 urbano
749 3971 793 4029 VI
809 3971 930 4030 14471.
968 3970 1075 4047 quibus
1100 3969 1137 4030 de
1163 3969 1260 4031 causis
1278 3969 1353 4028 haec
1371 3987 1419 4028 no-

249 4061 331 4120 mina
348 4061 414 4120 iure
432 4064 571 4121 anostra
590 4060 792 4136 disputatione
812 4060 1018 4122 excluduntur.

706 4268 709 4272 ·
769 4234 901 4298 castata

339 4347 446 4410 Castae
460 4347 601 4408 mulieres
620 4347 851 4425 adpellabantur
865 4346 946 4404 haud
965 4364 1084 4422 paucae.
1118 4343 1273 4406 Castatam
1287 4341 1419 4405 libertini

250 4435 379 4499 hominis
397 4457 520 4499 uxorem
540 4439 685 4498 habemus
704 4439 734 4497 in
753 4437 844 4497 titulo
862 4437 976 4496 arbaco
991 4433 1035 4494 VI
1049 4437 1145 4512 1637,
1162 4435 1214 4514 qui
1228 4435 1323 4495 bonae
1342 4438 1421 4493 aeta·
1534 4515 1535 4522 ἵ
