3088 4886
316 242 438 300 Nomina
455 243 570 314 propria
587 244 676 299 latina
694 243 811 298 oriunda
829 261 847 298 a
863 243 1021 314 participiis
1040 243 1165 314 perlecti.
1262 243 1324 307 747

28 457 58 492 ·:
154 431 264 472 nomen
287 416 447 489 cognatum
471 415 517 472 est
540 431 607 471 cum
626 413 713 474 Latio
737 405 845 496 (umbr.
868 432 936 492 gen.
959 432 1031 490 agre
1054 403 1181 494 Tlatie),
1205 431 1265 490 qua
1288 413 1323 472 de

153 520 245 561 causa
268 503 347 561 inter
370 503 454 578 deos,
478 522 537 562 uon
562 503 640 562 inter
665 503 800 562 homines
824 503 951 563 nominis
976 503 1059 580 origo
1079 502 1249 579 quaerenda
1268 506 1323 562 est.

154 591 320 650 Statiorum
338 611 448 650 nomeu
464 591 663 651 divellendum
682 611 742 652 non
756 611 820 652 esse
839 595 912 668 puto
932 591 1059 668 aStata,
1079 591 1213 669 Statano,
1233 591 1323 652 sceri-

19 731 45 763 ·-
153 681 225 758 lino,
246 680 373 741 Statina.
400 681 555 755 Domitios,
574 697 649 758 quos
668 682 838 741 etiamnunc
856 681 913 742 viri
933 682 1012 741 docti
1026 700 1184 758 perperam
1203 681 1322 741 adomo

154 769 250 858 dictos
268 771 387 847 putant,
407 770 534 829 fortasse
552 789 611 830 non
631 771 695 830 sine
713 771 925 846 probabilitate
944 790 963 830 a
982 771 1027 830 dis
1046 789 1154 830 nomen
1172 769 1323 830 invenisse

19 823 45 943 ἰ
155 860 265 918 censui.
298 859 440 919 Volutius
459 851 539 939 (011.
559 853 676 940 Χ443)
695 861 805 936 pendet
824 879 842 919 a
859 861 980 920 numine
999 859 1160 919 Volutinae
1179 859 1279 918 simili.

244 968 311 1008 cum
331 952 431 1007 autem
451 948 673 1026 antiquissimos
696 949 897 1025 aparticipiis
920 949 1041 1008 nomina
1063 968 1124 1008 non
1146 947 1266 1008 finxisse
1286 967 1322 1009 ex

19 1027 58 1125 'd'
153 1038 316 1113 gentiliciis
331 1038 494 1114 videamus,
512 1041 618 1113 postea
631 1039 721 1098 huius
735 1039 853 1114 generis
868 1039 1044 1115 cognomina
1057 1038 1238 1114 paucissima
1252 1057 1323 1098 sane

153 1127 185 1186 in
205 1145 262 1185 usu
281 1128 410 1204 fuerunt,
429 1145 504 1202 quae
525 1130 595 1186 sunt
610 1128 774 1187 Ambustus
794 1119 835 1209 (a.
851 1148 879 1187 u.
894 1147 917 1188 c.
934 1123 1013 1209 312)
1034 1131 1065 1187 et
1079 1127 1217 1187 Structus
1238 1119 1279 1209 (a.
1293 1148 1322 1188 u.

155 1234 179 1274 c.
200 1206 295 1297 259),
314 1215 432 1275 Potitus
451 1215 529 1274 onim
549 1208 590 1297 (a.
606 1238 634 1277 n.
649 1237 671 1278 c.
688 1209 767 1297 261)
787 1219 897 1276 rectius
916 1217 1044 1277 fortasse
1062 1217 1323 1294 praetermittitur,

152 1305 224 1380 quia
238 1305 294 1363 hoc
308 1324 417 1365 nomen
431 1305 547 1366 divinae
567 1325 633 1366 esse
647 1309 747 1382 potest
762 1306 895 1384 originis,
915 1310 945 1365 et
960 1307 1089 1366 Pansam
1104 1299 1144 1387 (a.
1159 1327 1186 1365 u.
1202 1323 1225 1366 c.
1242 1301 1322 1386 454)

18 1456 20 1460 .
63 1473 69 1478 μ
152 1394 417 1470 exclusi,quoniam
425 1393 688 1472 adiectivumquod
698 1395 976 1471 estpansaPlautus
985 1398 1110 1471 usurpat
1118 1395 1323 1454 inMerc.640.

245 1502 264 1542 a
283 1483 360 1542 veris
379 1483 545 1560 participiis
565 1484 625 1543 dixi
640 1485 764 1560 antiqua
777 1485 932 1561 gentilicia
949 1503 1009 1544 non
1023 1503 1088 1543 esse
1108 1485 1183 1557 orta,
1203 1485 1254 1542 sed
1273 1503 1323 1543 no·

52 1563 60 1572 ’
152 1572 247 1645 mina,
272 1591 348 1648 quae
367 1592 385 1631 a
403 1573 573 1632 nominibus
597 1574 634 1632 ad
658 1574 881 1649 participiorum
904 1575 1074 1650 analogiam
1098 1573 1168 1632 ficta
1192 1575 1262 1632 sunt
1284 1604 1320 1614 -

153 1661 377 1722 denominativa
390 1661 548 1737 participia
567 1681 602 1721 ea
617 1667 723 1722 vocant
742 1662 931 1739 grammatici
948 1694 986 1703 -
1003 1663 1153 1738 permulta
1171 1661 1324 1722 inveniun-

17 1747 64 1828 [s
152 1754 212 1811 tur.
250 1769 327 1827 quae
345 1751 519 1826 priusquam
539 1751 710 1830 adgrediar,
729 1770 824 1827 pauca
849 1751 885 1810 de
912 1751 1180 1827 significationibus
1200 1751 1324 1810 dicende

17 1907 25 1916 ,
57 1877 65 1882 -
152 1842 232 1899 sunt.
261 1842 351 1915 atquo
369 1840 428 1898 iam
444 1840 615 1899 Pauckerus
631 1841 861 1917 diligentissima
875 1841 1089 1916 disputatione,
1108 1859 1197 1915 quam
1213 1839 1324 1898 Kuhuii

18 1930 38 2004 f
151 1929 268 2004 epham.
287 1929 344 1990 vol.
364 1929 463 1987 XXVI
481 1949 510 2004 p.
531 1932 592 1989 261
615 1949 678 2007 sqq.
698 1931 836 2003 inseruit,
861 1949 950 2006 quam
969 1931 1068 1990 varios
1088 1948 1193 1988 sensus
1213 1929 1322 2004 signifi·
1376 2002 1379 2008 Ι

21 2020 50 2034 ²
151 2036 222 2076 care
245 2018 362 2094 possint
384 2018 477 2078 verba
501 2037 519 2077 a
542 2019 710 2078 nominibus
734 2021 868 2080 derivata
896 2020 1028 2078 ostendit
1055 2011 1229 2098 (dolendum
1253 2035 1324 2077 sane

152 2111 202 2166 est
222 2108 301 2184 quod
319 2107 478 2184 participia
495 2126 555 2168 non
574 2108 703 2168 seiunxit
722 2100 876 2188 averbis).
910 2108 947 2167 ad
965 2110 1098 2167 nostram
1114 2109 1216 2166 autem
1231 2126 1322 2184 quae·

152 2197 281 2255 ationem
302 2197 417 2255 confert
435 2215 537 2255 eorum
561 2198 704 2257 memoria
726 2197 965 2273 participiorum,
987 2197 1095 2273 quibus
1114 2197 1264 2256 indicatur
1283 2197 1321 2270 id,

151 2287 189 2344 dc
209 2303 268 2361 quo
283 2285 474 2362 participium
492 2288 547 2362 est,
568 2287 665 2346 simile
683 2287 733 2347 vel
751 2288 825 2346 adeo
845 2306 900 2362 par
914 2305 979 2346 esse
999 2287 1026 2345 ei
1040 2287 1094 2362 roi,
1112 2303 1188 2360 quas
1202 2285 1322 2345 nomine

40 2382 54 2455 ᾗ
151 2373 349 2450 significatur.
385 2375 429 2433 ita
447 2375 603 2434 beluatum
622 2377 734 2435 dictum
749 2395 814 2435 esse
834 2375 937 2435 bestiis
958 2376 1085 2435 similem
1105 2393 1141 2434 ex
1154 2373 1244 2434 Festo
1264 2377 1322 2433 tra·

37 2473 57 2484 ‘
150 2463 197 2521 dit
215 2463 327 2522 Paulus
351 2484 379 2539 p.
400 2465 440 2522 25
461 2465 578 2524 Thewr.
598 2456 663 2545 (qui
683 2466 773 2524 habet
796 2457 955 2542 ‘belotus')
981 2468 1012 2524 et
1030 2464 1148 2540 glossae
1168 2464 1320 2524 nominum

26 2575 64 2638 2
149 2551 328 2612 confirmant
346 2543 439 2633 (corp.
458 2554 549 2629 gloss.
568 2553 606 2613 ΙΙ.
627 2574 655 2628 p.
676 2546 768 2635 569),
793 2555 933 2613 inducula
951 2554 1142 2629 impluviata,
1160 2553 1180 2611 i.
1200 2573 1223 2611 e.
1244 2571 1321 2629 quas

31 2645 66 2666 ”·’
149 2642 289 2716 impluvii
307 2643 435 2700 formam
454 2642 553 2717 habet,
573 2647 620 2702 est
637 2644 717 2720 apud
732 2643 828 2701 Plaut.
843 2643 873 2701 in
892 2642 979 2717 apid.
992 2645 1066 2703 224.
1094 2643 1144 2700 sed
1163 2660 1322 2717 parcamus

66 2799 71 2806 ,
149 2731 281 2808 chartae,
306 2750 376 2790 nam
400 2735 534 2791 sescenta
557 2733 638 2791 ultro
663 2751 694 2790 se
713 2733 854 2808 offerunt,
875 2736 905 2791 et
924 2731 1144 2790 consideremus
1164 2733 1218 2789 hos
1238 2731 1323 2805 duos,

148 2825 268 2894 patrem
297 2823 463 2898 patratum,
495 2840 583 2897 quem
611 2821 742 2880 Fetiales
771 2822 938 2896 eligebant,
972 2825 1002 2879 et
1033 2819 1174 2879 mulieres
1209 2819 1323 2881 viratas

43 2899 68 2936 '⁷
150 2901 345 2990 (ἀνδρείας),
374 2928 448 2985 quas
476 2910 702 2969 Ecclesiasticus
731 2905 797 2990 (28,
823 2903 878 2989 19)
908 2910 980 2968 dicit
1006 2911 1111 2984 lingua
1138 2909 1229 2968 tertia
1257 2927 1322 2968 esse

16 3005 24 3014 '
54 2985 70 3016 ²
153 2998 264 3056 eiectas
293 2992 343 3075 (cf.
363 2998 508 3058 Rosnsch.
527 3000 563 3059 It.
583 3020 612 3075 p.
634 2991 725 3080 145);
749 3017 817 3057 cum
841 3000 926 3073 patre
950 3001 1070 3073 patrato
1095 2998 1173 3057 enim
1192 2998 1324 3057 Bueche-

28 3079 56 3125 ·'·
148 3087 231 3145 lerus
251 3087 282 3146 in
301 3086 404 3147 Umbr.
419 3108 446 3163 p.
471 3090 512 3147 45
529 3089 644 3150 confert
658 3089 801 3148 formulas
822 3087 959 3165 antiquas
979 3087 1196 3164 religiosasque
1215 3088 1319 3164 quales

150 3177 222 3234 sunt
249 3177 409 3252 augurium
436 3181 598 3252 augustum
626 3181 656 3236 et
684 3179 730 3236 ius
758 3178 925 3237 iurandum.
971 3171 1077 3256 (miror
1105 3177 1157 3254 qui
1183 3176 1248 3235 fieri
1270 3195 1321 3252 po·

18 3261 61 3312 ἐῑ
148 3265 258 3342 tuerit,
293 3269 327 3323 ut
355 3264 389 3324 Ο.
417 3265 555 3324 Kellsrus
585 3259 658 3324 ‘Zur
683 3267 735 3326 lat.
764 3260 989 3343 Sprachgesoh.'
1017 3266 1034 3325 Ι
1062 3268 1103 3324 82
1133 3285 1176 3341 sq.
1203 3267 1321 3340 patrem

40 3374 66 3392 ··
147 3357 304 3430 patratum
322 3355 393 3413 olim
406 3357 577 3430 pateratum
593 3355 704 3415 dictum
721 3373 786 3415 esse
800 3358 930 3432 putaret,
945 3375 1011 3414 cum
1025 3354 1203 3431 praesertim
1216 3358 1322 3430 postea

27 3446 73 3534 ᾗ
147 3443 275 3501 verbum
303 3462 420 3520 quoque
444 3448 565 3518 patrare
589 3445 691 3504 fictum
717 3446 768 3522 sit,
793 3445 873 3521 quod
897 3448 1013 3521 patrem
1036 3444 1134 3503 facero
1153 3443 1321 3518 significare

148 3549 185 3590 ex
205 3531 314 3607 glossis
337 3532 481 3609 Scaligeri
502 3530 593 3610 [corp.
614 3536 703 3610 gloss.
724 3534 750 3591 V
769 3555 797 3610 p.
814 3531 891 3608 608]
912 3528 1075 3612 discimus).
1112 3533 1252 3592 mulieres
1271 3552 1321 3592 au-

16 3624 63 3682 :ss
147 3623 212 3678 tem
231 3621 345 3680 viratas
371 3641 542 3698 comparare
565 3624 662 3700 possis
687 3644 753 3683 cum
776 3624 842 3685 vim
865 3624 983 3683 viraceo
1007 3642 1054 3698 ap.
1074 3621 1161 3683 Varr.
1181 3625 1236 3682 sat.
1257 3623 1322 3681 300

19 3715 60 3772 ..¹²
149 3703 205 3788 (cf.
228 3710 326 3784 gallos
354 3705 564 3793 gallinaceos);
593 3711 625 3773 O.
644 3714 744 3772 Julius
773 3714 897 3772 Viratus
926 3716 972 3771 est
998 3712 1030 3770 in
1057 3711 1146 3770 titulo
1176 3709 1320 3788 Segusino

42 3802 67 3842 ’ὲ
146 3797 285 3860 virsa.
325 3803 415 3875 atque
435 3803 538 3860 eodem
556 3803 644 3861 modo
663 3803 766 3862 lictum
786 3821 851 3862 esse
870 3801 1063 3862 Neratiorum
1085 3820 1194 3860 nomen
1217 3803 1322 3876 postea

38 3905 54 3944 s
147 3887 274 3947 videbis.
307 3888 368 3948 iam
383 3890 510 3949 oblitum
525 3894 555 3951 te
574 3893 667 3950 nolim
680 3893 800 3952 illorum
815 3891 1049 3967 participiorum,
1069 3909 1146 3967 quae
1165 3910 1183 3949 a
1198 3890 1321 3948 deorum

16 4012 61 4048 ,a
148 3977 322 4036 nominibus
342 3978 490 4038 declinata
508 3969 660 4040 hominum
675 3981 790 4040 animos
810 3982 847 4041 ab
866 3981 927 4039 illis
942 3983 1044 4056 captos
1064 3998 1128 4038 esse
1144 3978 1322 4056 significant,

16 4127 32 4140 ,
62 4096 67 4108 ·
146 4069 183 4125 ut
210 4067 350 4153 cerritus,
370 4068 515 4143 laruatus,
539 4071 692 4147 geniatus,
716 4072 841 4130 cerritus
865 4070 944 4129 enim
966 4072 1065 4128 ortum
1089 4087 1154 4128 esse
1178 4067 1321 4129 aOerere

36 4177 64 4214 a·
148 4147 225 4236 (osc.
245 4155 347 4234 Kerrl3
367 4158 402 4216 cf.
422 4159 511 4234 gloss.
531 4157 599 4236 Oyr.
620 4153 917 4234 ‘quqrprdlqurcc
937 4151 1116 4238 cersrosus')
1140 4177 1321 4233 <quamquam

28 4267 66 4312 ς·
146 4264 187 4303 ne
207 4263 285 4304 nunc
305 4246 425 4323 quidem
444 4250 633 4309 consentiunt
651 4250 708 4310 viri
732 4250 810 4310 docti
833 4248 1033 4308 certissimum
1052 4251 1111 4324 est3
1135 4248 1271 4306 laruatus
1290 4250 1321 4304 et

28 4359 59 4406 ς
148 4334 291 4411 geniatus
317 4336 512 4411 explicatione
536 4357 594 4396 non
619 4343 716 4414 egent,
735 4339 823 4415 plura
851 4342 950 4397 antem
976 4337 1063 4396 huius
1087 4338 1204 4414 generis
1227 4337 1320 4412 parti·

16 4429 63 4508 rai

202 4441 283 4484 Jahrb.
297 4444 312 4483 s
328 4445 395 4486 crass.
409 4445 492 4487 aanor.
516 4446 594 4497 suppl.
609 4447 650 4486 aa.
660 4448 744 4489 xxrv.
1074 4441 1107 4490 48
