3078 4874
235 263 238 268 '
289 263 412 320 Nomina
428 261 543 335 propria
561 263 650 319 latina
669 264 788 319 oriunda
807 281 824 320 a
841 263 1001 334 participiis
1019 263 1147 335 perfecti.
1233 265 1298 328 845

651 426 776 493 Sortito

215 521 347 582 Arimini
360 522 404 582 XI
413 525 479 584 470
499 523 538 584 Μ.
553 521 665 592 Gavius
679 522 854 585 Primitivos
873 526 905 582 ct
922 523 1046 583 Annaea
1061 523 1173 583 Sortita
1190 542 1299 601 paren·

413 616 459 672 tes
480 610 642 673 Gaviorum
661 612 755 671 Primi
774 616 804 672 et
824 611 961 672 Sabinae.

360 701 403 760 XI
423 703 486 762 516
516 701 676 761 Montanus
706 705 736 761 et
769 702 883 761 Sortita
910 704 1011 778 patres
1035 700 1065 762 0.
1092 697 1298 778 Sornoio[ni?]

424 791 556 850 Maioris.

218 879 327 939 sort'ta
348 882 395 940 est
414 898 450 939 ea
468 899 557 956 quam
572 883 711 956 parentes
726 880 825 940 sortiti
841 883 919 940 sunt.
949 874 987 940 ‘si
1001 880 1205 958 emancipatus
1220 881 1300 939 filius

125 987 221 1029 uxore
235 987 295 1028 non
310 987 345 1028 ex
359 971 514 1030 voluntate
527 969 624 1046 petris
640 971 730 1029 ducta
743 970 839 1028 filium
854 970 946 1029 fuerit
960 969 1094 1046 sortitus,
1115 1015 1122 1028 .
1138 1015 1144 1027 .
1159 965 1178 1029 .'
1197 969 1300 1046 Ulpia-

122 1077 182 1117 nus
202 1057 262 1134 dig.
279 1059 329 1141 37,
344 1062 379 1135 4,
395 1061 422 1118 3.

646 1138 783 1226 Sparsus

215 1255 323 1296 nornen
342 1235 447 1312 Sparsi
466 1237 598 1314 Augusti
617 1238 679 1297 fere
698 1241 797 1298 aetate
816 1240 916 1296 ortum
935 1240 994 1316 est,
1017 1256 1071 1298 nso
1095 1237 1214 1298 videtur
1234 1257 1299 1298 sae-

122 1325 192 1384 culo
215 1345 246 1401 p.
260 1324 291 1385 0.
316 1327 405 1386 tertio
430 1331 581 1403 superstes
604 1327 706 1386 fuisse.
743 1326 895 1387 invenitur
918 1330 1019 1386 autem
1041 1327 1073 1385 in
1097 1325 1199 1388 Gallia
1220 1328 1299 1387 Nar-

122 1416 244 1474 bonensi
266 1417 297 1474 et
319 1415 351 1473 in
375 1415 534 1490 Hispania.
572 1415 765 1492 Sparsiauus,
789 1417 867 1493 quod
892 1416 960 1475 inde
984 1418 1031 1475 est
1049 1416 1243 1493 declinatum,
1268 1417 1299 1475 in

122 1503 216 1562 titulo
235 1505 348 1563 artano
367 1505 491 1583 legitur,
511 1505 688 1580 Sparsillina
706 1505 857 1582 reperitur
875 1505 906 1563 in
925 1505 1083 1579 Hispania.

215 1593 340 1653 Fulvius
363 1592 490 1669 Sparsus
517 1593 699 1654 declamator
725 1595 844 1671 saepius
872 1594 1003 1653 occurrit
1025 1594 1057 1652 in
1082 1593 1212 1654 Senecae
1231 1615 1296 1655 con-

122 1685 201 1742 trov.
230 1681 326 1741 Iulius
341 1681 470 1758 Sparsus
490 1683 602 1743 amicus
622 1683 681 1742 luit
696 1683 775 1741 Plini
789 1683 911 1743 minoris
931 1674 982 1764 (cf.
999 1684 1084 1759 epist.
1095 1685 1125 1761 4,
1140 1686 1174 1761 53
1189 1685 1218 1760 8,
1233 1686 1251 1744 3
1268 1688 1299 1744 et

123 1789 301 1848 prosopogr.
319 1771 389 1848 imp.
409 1773 493 1832 Rom.
508 1773 538 1831 ΙΙ
557 1775 584 1848 p.
601 1765 694 1853 216);
716 1773 754 1830 ad
773 1773 898 1831 eundem
918 1772 1047 1832 fortasse
1067 1773 1216 1832 Martialis
1236 1773 1297 1848 epi-

121 1879 260 1936 gramma
284 1859 404 1936 scripsit
424 1863 480 1938 12,
495 1863 546 1921 57.
584 1859 619 1920 0.
637 1860 747 1920 Lusius
772 1861 900 1936 Sparsus
924 1880 983 1922 cos.
1008 1861 1073 1920 suff.
1093 1862 1151 1921 fuit
1175 1881 1242 1922 cum
1264 1861 1299 1932 0.

123 1947 253 2009 Canusio
267 1949 464 2010 Praenestino
484 1950 562 2010 circa
580 1969 691 2010 annum
707 1952 768 2010 157
791 1943 880 2030 (CIL.
896 1949 943 2010 III
956 1943 1071 2031 DXL).
1109 1949 1175 2011 Sex.
1185 1951 1297 2010 Domit.
1383 2007 1384 2011 ,

122 2037 267 2113 Sparsum
296 2039 429 2098 ostendit
456 2040 563 2100 titulus
588 2040 796 2100 Nemausenses
820 2039 877 2098 XII
893 2040 987 2100 3558.
1025 2040 1056 2098 in
1080 2040 1232 2114 Hispania
1254 2041 1300 2099 in·

121 2127 286 2187 veniuntur
298 2127 414 2187 Licinia
428 2128 531 2205 Sparsi
545 2129 566 2188 f.
581 2129 720 2202 Procilla,
734 2129 808 2188 Luci
823 2129 897 2188 Lusi
909 2148 986 2188 uxor
1000 2121 1047 2210 (11
1062 2131 1157 2206 2648,
1177 2130 1297 2188 litterae

122 2219 196 2275 sunt
223 2217 335 2276 sacculi
362 2217 426 2277 fere
450 2209 587 2300 secundi)
616 2221 646 2276 et
669 2218 796 2276 Aurelia
820 2218 992 2276 Marcelline
1025 2236 1061 2276 ex
1090 2209 1296 2299 [(conventu)]

122 2304 274 2366 Cluniens.
311 2306 461 2366 flaminica
494 2298 706 2388 [p(rovinciae)
743 2298 937 2388 H(ispaniae)
971 2297 1180 2389 c(iterioris)],
1204 2327 1296 2367 uxor.

121 2391 250 2471 L[i]eini
269 2391 403 2472 [Spar]si
420 2391 581 2473 flami[ni]s
600 2387 772 2476 (114198).

214 2503 352 2561 sparsum
376 2486 519 2562 intellege
545 2485 717 2562 lentiginosi
740 2485 800 2544 oris
824 2486 984 2547 hominem.
1022 2486 1149 2544 erindem
1176 2504 1297 2546 sensum

120 2573 243 2634 videtur
261 2573 430 2650 significare
448 2593 555 2634 nomen
573 2575 747 2649 Sparpentii.
1259 2573 1264 2582 “

626 2711 795 2796 Spectatus

212 2807 269 2865 hoc
288 2806 406 2866 nomine
421 2807 547 2867 saeculis
563 2807 693 2866 secundo
707 2808 856 2883 tertioque
872 2807 952 2867 servi
966 2807 1114 2884 multique
1130 2806 1216 2867 tenui
1229 2809 1295 2869 loco

121 2894 181 2954 orti
199 2895 324 2970 ingenui
342 2896 389 2955 usi
408 2900 486 2955 sunt.
524 2897 651 2955 maxime
670 2897 789 2956 videtur
808 2896 957 2973 placuisse
975 2897 1101 2965 Noricis,
1120 2916 1174 2957 nec
1193 2916 1295 2956 rarum

120 2984 182 3043 fuit
200 2983 231 3042 in
250 2986 359 3056 Italia·
377 3004 473 3062 pauca
492 2990 594 3045 eutem
612 2985 789 3062 prodierunt
807 2986 943 3061 exempla
960 2985 992 3043 in
1012 2985 1114 3046 Gallia
1134 2985 1295 3061 Cisalpina,

118 3074 153 3132 in
170 3073 279 3143 Dacia,
298 3074 330 3132 in
343 3075 500 3134 Parnconia
517 3076 663 3148 inferiore,
682 3075 713 3133 in
728 3075 879 3134 Narnidia.
909 3076 1044 3135 derivata
1065 3079 1135 3136 sunt
1149 3075 1296 3152 Specteti·

120 3181 177 3222 nus
199 3166 230 3221 ct
249 3161 434 3239 Spectatilla.

211 3251 591 3330 RonaeV11056,1,107
612 3253 770 3312 Marcanus
791 3253 948 3328 Spectatus
968 3253 1055 3330 vigil,
1075 3273 1102 3314 a.
1119 3256 1191 3314 205.

339 3341 461 3420 Ephcm.
478 3343 571 3419 epigr.
589 3345 616 3418 7,
633 3345 718 3402 1210
748 3343 851 3402 Aelius
878 3342 1036 3418 Spectatus
1056 3363 1083 3403 v.
1104 3361 1127 3402 e.
1147 3344 1289 3419 subprae-

333 3436 334 3440 ’
585 3432 682 3490 fectus
701 3432 839 3508 vigilum,
859 3451 885 3492 a.
902 3433 984 3492 239:

211 3519 319 3580 Lanae
337 3519 379 3578 XI
396 3522 479 3580 1322
508 3521 547 3579 Μ.
568 3519 727 3580 Firmidius
751 3520 909 3599 Spectatus
935 3522 972 3580 fr.
995 3521 1052 3598 leg.
1071 3521 1102 3579 ΙΙ
1126 3521 1193 3580 Ital.
1217 3542 1245 3596 p.
1272 3522 1291 3580 f.

395 3609 489 3687 optio,
509 3628 535 3668 a.
552 3612 623 3670 200.
1281 3649 1284 3655 -

633 3729 786 3813 Speratus

147 3817 150 3823 ’
211 3822 357 3900 Speratus
380 3823 460 3884 inter
482 3823 603 3883 nomina
626 3825 745 3886 videtur
769 3828 1010 3901 receptumcsse
1030 3824 1199 3901 imperante
1220 3825 1292 3886 Cae·

121 3932 189 3973 sare
204 3913 354 3989 Augusto,
372 3932 432 3989 qua
445 3916 545 3972 aetate
560 3915 654 3975 servis
669 3915 774 3990 opinor
788 3914 962 3990 impositum
977 3918 1024 3974 est
1039 3915 1124 3991 solis,
1143 3917 1174 3974 et
1189 3935 1292 3992 quam-

121 4022 212 4078 quam
238 4001 324 4062 brevi
347 4003 388 4061 ab.
408 4003 547 4085 ingepnis
570 4023 688 4081 quoquc
713 4007 890 4080 usurpatum
914 4007 973 4078 est,
998 4006 1100 4062 tamen
1119 4004 1157 4063 ad
1176 4004 1292 4063 nobiles
1317 3992 1323 4000 ¹

121 4093 185 4150 fere
203 4111 357 4169 nunquam
376 4092 520 4168 pervenit,
541 4094 592 4151 sed
612 4093 779 4152 humillimo
798 4093 863 4152 loco
877 4093 957 4152 natis
973 4111 1090 4168 semper
1104 4093 1293 4168 aptissimum

120 4181 189 4240 fuit.
227 4184 318 4257 atque
340 4182 484 4258 permulti
508 4201 542 4241 eo
567 4181 730 4241 utebantur
753 4183 785 4240 in
808 4183 904 4242 Italia
932 4177 1075 4264 (maxime
1098 4173 1237 4264 Rornae),
1264 4183 1294 4240 in

123 4267 224 4330 Gallia
245 4269 412 4344 Cisalpina,
436 4271 473 4329 ad
492 4271 639 4340 thnnrn,
663 4272 692 4330 in
712 4272 850 4347 Illyrico,
874 4271 904 4329 in
923 4269 1046 4345 Africa,
1070 4272 1167 4330 rarius
1186 4271 1245 4330 fuit
1263 4273 1295 4329 in

124 4358 224 4419 Gallia
252 4359 455 4429 Narbonensi,
484 4359 660 4436 anndnni,
688 4361 720 4420 in
747 4362 911 4435 Hispania3
944 4362 974 4420 in
1002 4361 1165 4420 Britannia
1192 4365 1293 4419 autem

123 4448 242 4509 omnino
266 4468 325 4508 non
348 4449 508 4510 invenitur.
554 4450 721 4528 insolitum,
750 4450 810 4511 nisi
832 4450 934 4526 fallor,
959 4451 1018 4509 iam
1042 4450 1161 4510 saeculo
1185 4452 1293 4526 quarto

1026 4546 1079 4603 bl*
