3088 4886
223 222 286 290 778
733 227 784 282 Gn.
804 227 884 283 Otto:

222 397 274 456 sed
292 395 421 456 milItum
441 400 473 456 et
490 397 724 474 magistratuum
742 396 975 474 municipalium.
1013 398 1113 456 ortum
1132 398 1233 456 autem
1252 396 1302 456 vix
1320 400 1391 457 ante

222 485 374 545 saeculum
389 487 549 546 secundum
563 490 675 565 putem,
689 486 817 546 maxime
827 487 961 562 viguisse
971 486 1092 547 videtur
1101 486 1199 565 tertio,
1210 505 1392 564 quamquam

222 575 270 634 vel
290 575 366 635 sexti
385 575 499 650 saeculi
518 576 686 652 exemplum
704 575 791 635 nobis
810 575 956 634 traditum
974 583 1027 636 est.

310 665 423 725 Romae
441 665 485 724 VI
501 667 610 726 lasau
625 664 874 724 Au1·.Decoratus
894 665 979 725 domo
993 665 1104 744 Mursa,
1123 665 1208 725 miles
1224 667 1388 743 praetoria-

501 774 567 830 nus,
586 757 685 814 aetate
703 755 765 814 fere
785 753 911 830 Septimi
930 753 1039 815 Severi.

312 841 413 917 alatas
431 843 474 902 IX
488 843 508 922 †
524 845 608 904 2437
630 844 794 904 Decoratus
814 843 1002 920 christianus,
1021 863 1048 903 a.
1068 845 1141 905 553.

313 933 444 1008 Porrecto
460 933 489 991 V
504 936 566 994 563
582 933 748 993 Decoratus
763 933 902 992 retiarius
918 936 948 993 et
963 933 1131 994 Decoratus
1150 935 1277 1014 secutor,
1292 938 1391 1011 poste·

505 1023 585 1083 ri⁰ra
603 1025 712 1084 aetate.

310 1112 342 1170 in
360 1111 474 1171 tabella
491 1112 632 1186 Iooqdosoi
649 1113 770 1189 reperta
789 1111 834 1171 III
852 1112 879 1170 D
899 1111 956 1170 LII
975 1110 1006 1172 O.
1022 1111 1117 1172 Iulius
1138 1110 1169 1172 0.
1189 1113 1392 1174 iDecoratus

492 1203 652 1261 veteranus
681 1221 716 1261 ex
745 1202 809 1261 coh.
827 1201 859 1260 H
887 1204 982 1278 praet.
1012 1201 1163 1262 Gordiana
1189 1203 1241 1279 pia
1268 1203 1393 1282 vindice,

492 1310 518 1349 a.
535 1292 607 1350 243.

311 1379 342 1440 in
357 1379 455 1440 Dacia
474 1377 520 1439 111
536 1381 620 1440 1596
632 1379 671 1440 ll.
679 1378 822 1439 Aurelius
832 1379 998 1439 Decoratus
1013 1379 1132 1440 decurIo
1143 1379 1276 1440 coloniae
1286 1377 1394 1458 Aequi,

533 1469 650 1542 flamen,
668 1469 784 1546 aedilis,
804 1488 829 1528 a.
850 1471 923 1529 237.

617 1639 749 1707 Delecta
766 1646 835 1708 vide
853 1647 1000 1708 Dilectus.

726 1818 892 1886 Delicatus

312 1971 467 2013 servorum
481 1950 639 2027 utriusque
653 1969 740 2010 sexus
760 1970 875 2022 nomen,
890 1952 969 2027 quod
983 1950 1104 2018 Romae,
1120 1949 1225 2018 Ostiae,
1252 1952 1396 2020 Votsiaie's,

223 2043 359 2110 Puteolis,
378 2041 409 2099 in
422 2040 534 2108 Sicilia,
555 2039 715 2109 Cordubae,
735 2041 894 2100 Lambaesa'
907 2041 986 2099 bona
999 2043 1099 2098 aetate
1117 2041 1148 2098 in
1167 2059 1225 2099 usu
1237 2040 1304 2100 fuit.
1328 2059 1396 2100 cum

224 2131 360 2190 certioris
379 2130 489 2188 aetatis
512 2129 591 2190 notis
610 2147 712 2188 omnes
730 2129 814 2188 tituli
832 2133 963 2204 careant,
987 2129 1102 2187 urbana
1121 2131 1256 2204 exempla
1274 2131 1306 2188 et
1324 2129 1394 2188 Vol-

222 2219 353 2282 siniense
371 2218 509 2278 indicabo
529 2219 605 2278 sola:
625 2217 667 2277 VI
682 2221 799 2280 20874.
838 2220 955 2278 21419.
977 2219 1093 2278 26662.
1114 2217 1156 2276 XI
1172 2220 1266 2280 2759.

735 2408 892 2474 Dentatus

314 2539 458 2617 quosdam
486 2543 517 2600 et
545 2559 612 2600 eum
641 2537 780 2600 dentibus
810 2539 892 2600 nasci
927 2539 1000 2599 dicit
1026 2539 1138 2600 Plinius
1161 2559 1191 2600 n.
1214 2541 1242 2601 h.
1266 2539 1325 2599 VII
1345 2543 1396 2618 68,

225 2631 302 2690 sicut
320 2623 372 2689 M?
387 2628 508 2689 Curiam
529 2621 602 2712 (cos.
621 2648 648 2688 a.
663 2650 691 2689 u.
712 2619 801 2708 464),
819 2631 871 2705 qui
890 2631 928 2716 ob
946 2629 978 2688 id
996 2629 1145 2689 Dentatus
1170 2630 1396 2706 cognominatus

224 2719 273 2780 sit.
309 2719 338 2778 iu
359 2719 457 2778 titulis
476 2719 531 2778 hoc
549 2737 658 2778 nomen
676 2737 735 2778 non
754 2718 870 2794 inveni3
890 2718 942 2776 sed
960 2719 1029 2777 vide
1049 2719 1212 2778 Dentatios.

729 2885 891 2954 Dentatus

313 3021 490 3080 Hadrianeia
508 2969 583 3078 VIII
597 3018 617 3096 †
633 3021 673 3079 63
693 3019 847 3079 Deodatus
867 3019 1057 3080 christianus.

312 3112 418 3168 notum
441 3111 487 3168 est
510 3128 618 3168 nomen
643 3107 801 3168 Adaodati.
845 3109 998 3169 Deodatus
1022 3110 1150 3170 fortasse
1174 3111 1212 3170 ad
1232 3105 1395 3171 Θεοδότου

224 3197 394 3275 analogiam
412 3203 556 3259 novatum
576 3201 632 3258 est.

708 3333 916 3402 Desideratus

315 3465 409 3525 elul.
428 3467 525 3526 1065:
545 3465 578 3524 L.
594 3463 732 3541 Speratio
747 3465 933 3541 Desiderato,
953 3465 1137 3524 adulescenti
1151 3464 1215 3540 spei
1230 3467 1261 3524 et
1273 3465 1396 3540 pietatis

226 3554 479 3632 incomparabilis,
494 3553 613 3630 Sperati
627 3553 829 3612 Hermodorus
845 3559 875 3613 et
884 3554 1002 3631 Iuliana
1016 3557 1118 3630 patres
1133 3554 1255 3614 titulum
1270 3557 1396 3630 ponunt.

712 3743 906 3826 Designatus

316 3875 450 3936 Ilieoeste
468 3875 543 3936 VIII
560 3879 670 3937 16572
692 3876 864 3954 Designata,
884 3878 981 3936 mater
1000 3874 1145 3956 Aemiliae
1165 3874 1308 3934 Donatae.

313 3964 345 4022 in
370 3966 534 4024 Bra'toaoia
562 3965 621 4024 VII
645 3967 709 4026 823
733 3958 945 4045 Pampo[n1]us
975 3964 1159 4040 Designatus
1194 3954 1252 4046 (sic
1278 3961 1397 4024 videtur

224 4051 396 4113 nominatus
417 4045 506 4135 esse),
524 4053 672 4116 tribunus.
743 4047 744 4050 '

717 4189 906 4255 DestInatus

315 4321 425 4381 Romae
442 4320 487 4380 VI
503 4323 613 4382 11067
634 4321 802 4398 Destinata,
821 4340 895 4380 uxor
914 4319 966 4381 On.
987 4320 1097 4380 Aemili
1114 4321 1241 4382 Erasini.

320 4410 451 4471 Veronae
470 4411 497 4469 V
514 4412 597 4472 3697
619 4409 651 4482 Q.
671 4411 788 4472 Plotius
807 4410 840 4470 P.
859 4410 880 4469 f.
899 4410 973 4470 Pub.
993 4409 1176 4472 Destinatus.
