3078 4874
296 230 419 288 Nomina
435 232 549 302 propria
566 231 656 288 latine
674 233 792 288 oriunda
810 252 827 289 u
845 233 1002 304 participiis
1021 232 1148 304 perfecti.
1242 233 1307 297 859

649 397 805 480 Apertlus

226 508 282 570 hoo
300 509 452 584 gentilicio
473 511 591 569 saeculo
612 511 740 570 secundo
754 511 889 570 homines
903 509 1032 586 praediti
1048 513 1134 569 erant
1147 529 1207 569 non
1223 509 1310 568 multi

136 598 263 668 Romae,
284 597 395 667 Ostiae,
415 597 558 673 Capenae,
579 597 698 659 Caeliae
716 601 747 657 in
766 600 887 678 Apulia,
905 601 1048 671 Bricclli,·
1066 599 1098 657 in
1115 597 1224 672 Africo
1242 617 1310 674 pro-

138 689 254 747 vinciae
274 687 440 764 Byzacena,
459 689 690 766 proconsularis,
709 689 898 748 Mauretania
916 688 1067 748 Sitifensis
1086 689 1207 763 singula
1226 706 1310 763 prac-

135 777 212 836 bont
232 777 375 853 exempla.
413 777 593 836 honestioris
617 777 674 836 loci
696 778 830 837 homines
850 778 905 837 hoo
924 777 1042 837 nomine
1061 795 1121 836 non
1140 777 1312 836 utebantur.

229 885 255 925 a.
276 868 338 925 143
368 867 497 942 scriptus
526 870 574 926 est
601 867 709 926 titulus
736 869 869 926 urbanus
892 867 934 924 VI
954 868 1107 942 2379a1,
1118 868 1173 943 52,
1199 865 1230 923 in
1253 885 1311 942 quo

136 955 252 1033 legitur
271 956 304 1015 L.
320 955 463 1032 Apertius
479 955 582 1014 Victor
599 955 730 1030 Brixell,
748 955 964 1032 praetorianus.
994 955 1091 1016 Ostiae
1108 959 1246 1032 repertus
1266 957 1312 1014 θεὴ

134 1044 246 1104 titulus
264 1043 336 1104 XIV
351 1046 417 1105 490
435 1064 462 1107 a.
479 1047 555 1118 144,
574 1045 627 1120 qui
644 1047 770 1120 praebet
788 1044 822 1104 P.
837 1045 996 1121 Apertinm
1017 1041 1221 1121 [S]ecundum.

227 1134 264 1193 ab
288 1152 361 1209 apro
385 1134 485 1209 potius
509 1153 597 1210 quarn
622 1136 660 1194 ab
684 1135 787 1210 aperto
811 1135 867 1194 hoc
889 1153 997 1194 nomen
1021 1133 1202 1194 declinatum
1226 1136 1313 1210 puta-

134 1223 245 1298 verim3
264 1223 365 1283 confer
383 1222 561 1283 Porcatium.

643 1303 813 1390 Apicatius

227 1420 385 1496 Apicatam
400 1419 500 1478 Seiani
519 1439 644 1480 uxorem
662 1420 844 1496 adpellatam
865 1438 929 1480 esse
945 1421 1067 1480 Tacitus
1086 1421 1181 1480 tradit
1198 1421 1229 1480 in
1243 1440 1309 1480 ann.

136 1508 181 1568 IV
197 1511 215 1569 3
232 1513 261 1568 et
278 1511 328 1568 11.
362 1510 442 1587 quod
461 1528 569 1569 nomen
588 1510 626 1568 ab
645 1509 729 1584 apice
748 1511 869 1568 ductum
890 1510 932 1568 eis
950 1511 1123 1587 impositum
1143 1529 1208 1570 esse
1226 1513 1312 1586 puta-

139 1599 248 1674 verim,
268 1610 393 1675 quorum
413 1598 526 1674 capita,
546 1618 613 1658 cum
632 1602 840 1673 nascerentur,
859 1599 946 1674 quasi
965 1599 1099 1674 apicibus
1121 1601 1201 1658 tecta
1218 1602 1311 1658 erant.

139 1707 229 1764 quem
247 1687 371 1763 pilleum
392 1688 479 1746 hodie
501 1707 619 1764 quoque
637 1705 691 1762 pro
712 1687 808 1746 omine
827 1687 928 1747 fausto
947 1689 1050 1748 haberi
1069 1689 1176 1747 medici
1194 1707 1241 1746 me
1260 1689 1310 1747 do·

137 1780 272 1836 cuerunt.
303 1777 404 1836 confer
424 1776 515 1835 etiam
534 1777 684 1851 Lamprid.
701 1776 811 1836 Antan.
822 1777 908 1836 Diod.
919 1780 953 1836 4:
973 1771 1083 1836 ‘solent
1102 1777 1208 1836 deinde
1226 1778 1312 1854 pueri

136 1866 227 1942 pilleo
250 1866 388 1943 insigniri
411 1865 556 1938 naturali,
581 1865 661 1942 quod
685 1865 860 1924 obstetrices
884 1866 1006 1940 rapiunt
1029 1871 1060 1926 θὴ
1079 1867 1231 1925 advocatis
1250 1885 1312 1925 cro·

137 1955 217 2014 dulis
236 1956 382 2029 vendunt,
403 1956 428 2014 si
448 1957 567 2032 quidem
586 1954 728 2014 causidici
747 1955 803 2014 hoc
821 1955 917 2013 iuvari
937 1949 1096 2014 dicuntur.'

230 2044 415 2120 gentilicium
435 2043 565 2120 Apicatii
584 2044 672 2119 pauci
690 2044 772 2102 tituli
792 2043 891 2102 Italici
909 2047 1067 2121 praebent;
1088 2045 1183 2104 bonae
1203 2045 1311 2104 aetatis

136 2133 277 2193 videntur
291 2152 356 2192 esse
371 2152 473 2192 omnes
488 2136 519 2192 at
533 2133 703 2192 hominibus
719 2133 755 2192 de
769 2132 857 2208 plebe
872 2132 1014 2208 impositi
1041 2134 1153 2193 Romae
1167 2135 1311 2209 leguntur

137 2222 170 2281 P.
190 2222 336 2299 Apicatus
356 2268 362 2279 .
379 2267 407 2279 ..
434 2223 562 2297 Apicata
583 2267 649 2295 ...,
670 2222 896 2298 cognominibus
915 2222 1022 2297 lapidis
1042 2223 1174 2281 fractura
1193 2223 1311 2294 ablatis

138 2331 215 2386 quae
229 2312 350 2371 nomina
364 2331 418 2387 pro
433 2311 639 2386 Apicatiorum
654 2311 815 2386 gentiliciis
830 2311 968 2369 habenda
985 2329 1090 2372 censeo
1110 2305 1311 2392 (17112126).

138 2400 170 2459 P.
187 2400 342 2476 Apicatius
357 2401 389 2460 P.
405 2401 424 2459 f.
441 2399 502 2459 Cla.
519 2399 605 2459 Celer
624 2404 670 2459 est
688 2400 719 2458 in
734 2400 824 2459 titulo
839 2400 953 2459 urbano
964 2400 1118 2476 V196343
1138 2401 1248 2459 ibidem
1267 2401 1310 2458 in-

137 2495 246 2550 ventae
271 2492 340 2548 sunt
363 2489 502 2566 Apicatia
520 2490 632 2548 Fausta
652 2491 683 2547 ct
701 2489 840 2564 Apicatia
857 2488 977 2548 Phoebe
998 2489 1040 2547 VI
1056 2492 1174 2548 22217.
1195 2491 1311 2550 24443.

138 2579 373 2639 Herculaacoscs
386 2580 506 2656 tegulae
520 2581 665 2654 praebent
675 2578 708 2636 L.
718 2577 888 2653 Apicatium
897 2570 1112 2659 On(csimum):
1123 2579 1311 2658 X8042,15.

656 2751 703 2816 Ar
749 2750 796 2816 tio

229 2865 285 2925 hoc
299 2885 415 2941 nomen,
430 2864 513 2925 cuius
529 2767 851 2942 paucissimagdlestigia
860 2861 1001 2939 Africani
1015 2863 1096 2925 tituli
1108 2870 1312 2943 servaverunt,

139 2955 254 3032 legitur
277 2954 307 3013 in
326 2955 415 3014 titulo
435 2956 635 3014 Muctuniana
653 2949 846 3033 11111670.
884 2955 998 3013 accedit
1021 2955 1124 3032 tegula
1141 2955 1313 3014 Pannonica

140 3047 196 3118 inf.
214 3044 259 3103 ΙΙΙ
276 3045 464 3117 1068‘la.b.,
483 3043 532 3102 cui
550 3043 727 3119 inscriptum
747 3047 794 3102 eet
812 3063 919 3103 nomen
938 3045 981 3103 Fl.
996 3043 1173 3120 Argutionie
1192 3044 1312 3104 fictoris.

140 3166 178 3174 —
200 3133 269 3193 vide
287 3131 441 3208 Arputum.

643 3215 810 3281 Armatius

228 3330 414 3407 gentilicium
438 3329 568 3389 Armatii
592 3330 711 3389 videtur·
734 3348 798 3389 θεεθ
821 3329 851 3387 in
875 3328 964 3389 titulo
983 3327 1128 3403 Africano
1148 3329 1222 3388 VIII
1237 3331 1310 3390 830.

137 3452 181 3462 -
200 3419 269 3480 vide
288 3417 453 3480 Armatam.

668 3502 785 3568 Aratus

229 3616 268 3675 M.
283 3616 389 3678 Arsius
404 3615 581 3690 Fuluianus,
595 3617 646 3693 qui
662 3622 707 3676 est
721 3619 752 3675 iu
765 3616 856 3676 titulo
874 3613 987 3676 Oorooo
1001 3615 1134 3692 Χ6523,
1153 3617 1254 3691 potest
1273 3616 1311 3676 ab

138 3706 270 3766 ardendo
285 3725 392 3766 nomen
407 3707 554 3783 accepisse
569 3697 661 3788 (conf.
676 3724 839 3782 cognomen
854 3695 948 3786 Arsi).
968 3705 1095 3764 fortasse
1109 3705 1190 3764 idem
1204 3725 1312 3766 nomen

137 3795 247 3855 habuit
269 3794 303 3855 G.
323 3795 390 3855 Ars.
410 3796 580 3855 Marcianus
604 3797 734 3871 optimus
759 3794 888 3867 muenia,
913 3792 1009 3853 officio
1034 3793 1113 3853 inter
1135 3795 1311 3856 convicanea

139 3903 209 3944 suos
232 3885 352 3944 functus
377 3886 539 3944 aedilitatis
560 3883 632 3963 (XII
653 3875 763 3966 2611).
802 3879 911 3962 (cogno
925 3903 977 3942 um
997 3901 1144 3944 orsecersc
1161 3904 1207 3960 ap.
1228 3884 1312 3944 Paul.

138 3995 167 4050 p.
175 3977 215 4034 14
228 3971 384 4052 [Thewr.],
394 3974 472 4052 quod
485 3973 646 4052 significat:
658 3977 762 4034 averte
771 3973 880 4049 ignem,
890 3973 939 4033 vel
949 3975 1061 4048 potius:
1074 3973 1175 4050 ignem
1186 3965 1311 4053 averte.)

228 4064 356 4124 fortasse
380 4067 479 4123 autem
507 4065 625 4123 aliunde
654 4063 816 4139 repetenda
846 4065 894 4122 est
921 4063 1047 4121 nominis
1076 4066 1169 4140 origo.
1211 4065 1313 4138 potest

140 4153 219 4214 enim
243 4156 405 4230 cognatum
429 4153 525 4214 videri
549 4173 615 4212 cum
639 4153 772 4213 umbrico
792 4153 870 4212 orote
889 4143 1030 4234 (vocat),
1054 4153 1133 4229 quod
1153 4151 1246 4210 latine
1266 4155 1313 4211 est

140 4242 228 4320 quasi
246 4246 357 4320 sancte,
377 4243 503 4319 aliisque
523 4243 654 4303 eiusdem
673 4242 792 4319 generis
812 4241 920 4318 verbis,
940 4245 971 4300 et
989 4240 1227 4316 coniungendum
1244 4260 1312 4300 cum

141 4333 311 4393 nominibus
339 4352 416 4410 quae
444 4336 515 4392 sunt
536 4332 633 4393 Adios
657 4324 698 4413 (X
715 4333 792 4408 904,
826 4331 862 4390 cf.
892 4349 949 4391 osc.
973 4327 1106 4389 Acrdb'cls
1134 4324 1248 4409 genet.)
1282 4335 1313 4389 et

139 4420 238 4482 Allius
258 4413 347 4504 (conf.
367 4423 462 4483 umbr.
483 4441 567 4495 sors,
586 4423 638 4482 lat.
655 4413 793 4504 Sullam).
822 4421 895 4481 satis
917 4421 1011 4479 habeo
1026 4437 1191 4477 memorare
1205 4419 1311 4478 titulos

193 4531 272 4572 Jahrb.
286 4531 302 4572 l.
316 4532 383 4573 class.
397 4531 479 4573 Phssol.
508 4531 735 4580 Supp1.Bd.xxrv,
1064 4523 1097 4571 bb
