3078 4874
232 249 296 312 860
742 249 792 304 Ga.
808 247 888 303 Otto:

230 418 392 476 Perusinos
411 417 455 476 XI
471 418 565 477 2001.
583 419 683 495 2002,
706 417 758 493 qui
780 409 927 494 praebent
949 415 1071 476 nomina
1090 413 1203 476 Arsino
1227 418 1258 476 et
1275 413 1407 476 Arsinia

228 501 317 588 (Arsi
336 511 382 567 est
400 507 431 566 in
450 527 478 566 11.
496 499 604 587 2006).

731 595 903 656 Arsinins

319 694 435 770 Cuprae
453 697 621 754 maritimae
639 694 783 754 1115314
803 693 837 754 Τ.
853 693 982 754 Baebius
1004 693 1035 754 2.
1054 695 1074 754 l.
1093 693 1212 754 Potitus
1231 696 1263 753 et
1280 692 1405 752 Arsinia

316 869 444 944 Aruina·
462 871 610 934 1113435
632 872 664 931 r.
679 781 1083 932 uititiiiiiilctnu
1101 873 1159 948 reg.
1174 871 1205 930 11
1224 873 1270 932 ed.

318 960 485 1022 OotinceX
507 963 590 1022 7017
620 953 748 1042 ‘Fl(svi)
771 961 874 1022 Arsini
902 981 931 1022 v.
958 979 982 1022 c.
1013 962 1177 1021 consularis
1199 954 1403 1042 p(rcvinciae)

618 1041 790 1132 Siiciliae)'.

726 1175 902 1235 Arsenius

315 1264 1403 1354 PuteolisX1791(=V1861)[Ar]seniusMarcelluscur.r.pub.,a.181.

314 1363 382 1422 vide
402 1381 565 1438 cognomen
584 1361 666 1422 Arsi.
1006 1361 1009 1366 ’

733 1446 893 1512 Arcentis

314 1550 482 1610 Lucerinis
500 1549 608 1609 titulus
628 1549 671 1608 IX
686 1551 751 1610 890
776 1550 930 1610 mulierem
955 1550 1128 1609 libertinam
1154 1551 1286 1610 ostendit
1304 1551 1404 1626 genti-

226 1639 294 1697 licio
314 1640 476 1698 Arventiae
498 1639 675 1716 praeditam.
714 1641 841 1718 scriptus
865 1657 930 1700 esse
949 1639 1070 1700 videtur
1088 1639 1184 1716 primo
1203 1641 1250 1700 vel
1271 1641 1404 1700 secundo

224 1749 252 1803 p.
268 1725 300 1788 0.
320 1729 447 1787 saeculo.
485 1729 552 1788 vide
571 1747 735 1804 cognomen
753 1727 885 1790 Ardeati.

739 1856 892 1922 Asuatius

314 1961 458 2022 Asuetius
470 1961 672 2021 Felicissimae
688 1963 860 2020 nominatur
873 1961 905 2020 in
918 1961 1010 2021 titulo
1025 1961 1145 2037 collegii
1154 1961 1231 2020 fabr.
1242 1961 1403 2038 tignarior.

227 2050 269 2108 VI
287 2053 383 2126 1060,
402 2051 453 2127 qui
472 2052 509 2110 ad
529 2070 622 2110 annos
641 2053 816 2111 198-210
835 2050 975 2127 pertinet.

314 2141 370 2200 hoc
389 2149 496 2200 nomen
516 2141 596 2200 haud
616 2141 676 2200 scio
696 2160 734 2199 an
754 2159 772 2200 a
790 2140 948 2217 participio
967 2139 1127 2198 oriundum
1146 2140 1195 2199 sit.

314 2369 425 2433 Aueiae
443 2371 486 2432 IX
502 2374 587 2433 3609
613 2371 645 2442 (i.
662 2268 902 2442 Atatirtuaetlgilsf.
923 2369 1005 2441 Quir.
1028 2371 1182 2432 Modestus
1205 2373 1298 2448 praef.
1322 2372 1402 2433 fabr.
1525 2329 1526 2358 ᾖ

499 2463 560 2538 bis,
582 2462 703 2521 tubicen
727 2454 923 2544 sacroru(m),
948 2461 1057 2520 flamen
1081 2461 1207 2539 Rornae,
1229 2462 1403 2538 praefectus

500 2551 605 2610 classis
626 2551 743 2611 Maesio.
780 2571 888 2612 nomen
907 2555 953 2610 est
972 2550 1167 2628 gentilicium.

314 2643 387 2699 nota
410 2644 480 2700 sunt
504 2643 596 2700 Attus
616 2640 690 2699 Atta
708 2641 769 2700 Ata
789 2641 894 2700 Ateius
920 2641 958 2700 el.
982 2640 1207 2717 participiorum
1230 2641 1402 2718 analogiam
1526 2681 1527 2692 t

225 2730 308 2805 sequi
327 2733 400 2806 puto
420 2731 476 2790 hoc
495 2750 611 2808 nomen,
630 2730 730 2790 confer
744 2734 861 2806 patrem
875 2733 1028 2806 patratum
1045 2730 1111 2789 sim.
1140 2748 1248 2791 avoca
1268 2733 1334 2789 atta
1352 2730 1402 2789 bis

223 2819 323 2895 posita
334 2820 517 2879 declinatum
527 2820 646 2880 videtur
655 2821 795 2894 Augusto
808 2819 1025 2878 Zimmermann
1036 2809 1127 2900 (mus.
1139 2821 1221 2880 rhen.
1229 2820 1270 2880 52
1284 2811 1403 2900 psas)

224 2909 410 2986 gentilicium
429 2909 527 2970 Atoiii
545 2910 619 2968 mihi
638 2910 783 2986 ignotum.

725 3027 898 3094 Atratinus

315 3152 423 3193 nomen
442 3133 692 3209 antiquissimum,
712 3133 791 3210 quod
809 3137 909 3191 utrum
930 3135 1030 3192 ortum
1051 3132 1089 3192 sit
1106 3131 1144 3192 ab
1159 3133 1224 3210 ipso
1237 3133 1399 3210 participio

226 3222 304 3297 quod
324 3226 370 3281 est
388 3226 516 3298 atratus,
535 3241 573 3280 an
592 3223 702 3281 rectius
722 3223 759 3282 ad
779 3223 904 3282 fluvium
918 3223 1061 3282 Atratum
1077 3217 1151 3298 (aie.
1166 3221 1203 3282 de
1218 3223 1401 3284 divinita.

225 3301 329 3392 1158)
348 3312 498 3370 referatur
517 3311 658 3387 equidem
676 3312 789 3388 nescio;
808 3312 860 3370 sed
879 3312 979 3370 confer
997 3311 1108 3371 Atrius.

314 3402 350 3460 A.
366 3400 558 3475 Sempronius
574 3401 732 3459 Atratinus
748 3401 852 3460 consul
866 3401 924 3459 fuit
938 3419 964 3459 a.
979 3421 1007 3458 u.
1024 3402 1098 3460 257.
1124 3400 1265 3460 Atratino
1280 3401 1401 3460 cuidam

226 3491 319 3548 fasces
340 3491 404 3548 dati
423 3493 493 3548 sunt
515 3509 541 3547 a.
559 3511 587 3564 p.
604 3489 636 3550 0.
652 3491 701 3548 89.
736 3483 784 3546 ‘li
801 3490 949 3548 Autronio
969 3489 1005 3548 D.
1024 3489 1043 3550 f.
1065 3483 1217 3548 Atratino'
1237 3490 1401 3566 legendum

223 3597 289 3637 esse
316 3578 348 3636 in
376 3579 473 3638 titulis
496 3579 668 3638 Dalmaticis
686 3577 832 3638 1119999
859 3581 889 3637 et
914 3581 1022 3638 10000
1050 3569 1339 3654 comparatis‘inter
1367 3597 1401 3639 se

223 3687 300 3743 quae
323 3668 355 3726 in
374 3672 501 3745 utroque
520 3669 682 3727 traduntur
702 3666 765 3725 veri
785 3667 881 3726 simile
901 3667 942 3726 fit.
980 3667 1031 3727 sed
1050 3667 1134 3726 cuius
1154 3669 1212 3726 loci
1230 3668 1277 3727 vir
1295 3668 1401 3743 fuerit,

223 3777 293 3814 num
313 3776 419 3817 revera
437 3777 528 3834 eques
547 3759 698 3817 Romanus
716 3755 873 3817 incertum.

722 3884 900 3951 Auctianus

314 3991 368 4049 hoc
387 3991 445 4050 fuit
464 3991 590 4050 alterum
611 3991 719 4050 nomen
739 3989 866 4050 duorum
885 4009 1053 4066 servorum,
1078 3990 1129 4066 qui
1148 3992 1237 4049 antea
1255 3988 1399 4049 libertino

224 4079 314 4139 alicui
339 4080 457 4138 nomine
483 4080 579 4140 Aucto
603 4081 814 4156 adparusrant.
858 4085 1018 4157 utrumque
1048 4081 1217 4155 exemplum
1240 4079 1400 4138 inventum

224 4172 271 4228 ast
297 4169 376 4228 inter
404 4169 510 4228 titulos
539 4170 806 4240 columbariorum,
834 4170 963 4229 alterum
987 4161 1046 4248 (VI
1067 4160 1168 4250 6228)
1197 4173 1266 4228 anta
1290 4167 1401 4227 Claudi

224 4265 352 4316 mortem
371 4259 524 4337 scriptum,
543 4259 671 4318 alterurn
689 4251 748 4339 (VI
763 4250 864 4338 4245)
884 4263 953 4316 ante
972 4259 1087 4317 obitum
1103 4258 1215 4336 Liviae,
1235 4277 1302 4317 cum
1317 4257 1401 4316 Iulia

224 4347 363 4424 Augusta
382 4348 593 4424 adpellaretur.
629 4347 810 4406 Auctianum
831 4347 993 4420 ingenuum
1012 4348 1096 4408 tribu
1113 4348 1284 4423 praeditum
1303 4347 1400 4407 habes

222 4433 254 4493 in
273 4436 364 4496 titulo
383 4433 564 4510 Aquileiensi
581 4436 608 4493 V
626 4437 719 4496 1107.
