<?xml version="1.0" encoding="UTF-8"?>
<!DOCTYPE html PUBLIC "-//W3C//DTD XHTML 1.0 Transitional//EN"
    "http://www.w3.org/TR/xhtml1/DTD/xhtml1-transitional.dtd">
<html xmlns="http://www.w3.org/1999/xhtml" xml:lang="en" lang="en">
 <head>
  <title>
</title>
<meta http-equiv="Content-Type" content="text/html;charset=utf-8" />
  <meta name='ocr-system' content='tesseract 3.04.00' />
  <meta name='ocr-capabilities' content='ocr_page ocr_carea ocr_par ocr_line ocrx_word'/>
</head>
<body>
  <div class='ocr_page' id='page_1' title='image "./nominapropriala00ottogoog/nominapropriala00ottogoog_0024.png"; bbox 0 0 3088 4886; ppageno 0'>
   <div class='ocr_carea' id='block_1_1' title="bbox 291 273 1320 349">
    <p class='ocr_par' dir='ltr' id='par_1_1' title="bbox 291 273 1320 349">
     <span class='ocr_line' id='line_1_1' title="bbox 291 273 1320 349; baseline 0.009 -21"><span class='ocrx_word' id='word_1_1' title='bbox 291 273 413 330; x_wconf 81' lang='lat' dir='ltr'><strong>Nomina</strong></span> <span class='ocrx_word' id='word_1_2' title='bbox 432 275 545 345; x_wconf 88' lang='lat' dir='ltr'><strong>propria</strong></span> <span class='ocrx_word' id='word_1_3' title='bbox 563 275 653 330; x_wconf 86' lang='lat' dir='ltr'><strong>latina</strong></span> <span class='ocrx_word' id='word_1_4' title='bbox 671 274 790 332; x_wconf 87' lang='lat' dir='ltr'><strong>oriunda</strong></span> <span class='ocrx_word' id='word_1_5' title='bbox 808 293 825 330; x_wconf 89' lang='lat' dir='ltr'><strong>a</strong></span> <span class='ocrx_word' id='word_1_6' title='bbox 843 275 1001 347; x_wconf 69' lang='lat' dir='ltr'><strong>participiis</strong></span> <span class='ocrx_word' id='word_1_7' title='bbox 1019 277 1146 349; x_wconf 82' lang='lat' dir='ltr'><strong>perlecti.</strong></span> <span class='ocrx_word' id='word_1_8' title='bbox 1257 279 1320 344; x_wconf 83' lang='grc'><strong>759</strong></span> 
     </span>
    </p>
   </div>
   <div class='ocr_carea' id='block_1_2' title="bbox 657 439 795 505">
    <p class='ocr_par' dir='ltr' id='par_1_2' title="bbox 657 439 795 505">
     <span class='ocr_line' id='line_1_2' title="bbox 657 439 795 505; baseline 0 -1"><span class='ocrx_word' id='word_1_9' title='bbox 657 439 795 505; x_wconf 84' lang='lat' dir='ltr'><strong>Assatns</strong></span> 
     </span>
    </p>
   </div>
   <div class='ocr_carea' id='block_1_3' title="bbox 223 568 1238 736">
    <p class='ocr_par' dir='ltr' id='par_1_3' title="bbox 223 568 1238 736">
     <span class='ocr_line' id='line_1_3' title="bbox 224 568 1238 646; baseline 0.008 -18"><span class='ocrx_word' id='word_1_10' title='bbox 224 569 352 628; x_wconf 88' lang='lat' dir='ltr'><strong>Assatas</strong></span> <span class='ocrx_word' id='word_1_11' title='bbox 371 571 402 628; x_wconf 90' lang='lat' dir='ltr'><strong>ot</strong></span> <span class='ocrx_word' id='word_1_12' title='bbox 421 568 533 630; x_wconf 89' lang='lat' dir='ltr'><strong>Assata</strong></span> <span class='ocrx_word' id='word_1_13' title='bbox 551 570 743 630; x_wconf 88' lang='lat' dir='ltr'><strong>inveniuntur</strong></span> <span class='ocrx_word' id='word_1_14' title='bbox 762 571 794 629; x_wconf 92' lang='lat' dir='ltr'><strong>in</strong></span> <span class='ocrx_word' id='word_1_15' title='bbox 813 572 963 646; x_wconf 76' lang='lat' dir='ltr'><strong>Hispania</strong></span> <span class='ocrx_word' id='word_1_16' title='bbox 981 572 1012 630; x_wconf 93' lang='lat' dir='ltr'><strong>II</strong></span> <span class='ocrx_word' id='word_1_17' title='bbox 1030 575 1124 635; x_wconf 89' lang='grc'><strong>1138.</strong></span> <span class='ocrx_word' id='word_1_18' title='bbox 1143 576 1238 636; x_wconf 87' lang='grc'><strong>1457.</strong></span> 
     </span>
     <span class='ocr_line' id='line_1_4' title="bbox 223 658 641 736; baseline 0.007 -20"><span class='ocrx_word' id='word_1_19' title='bbox 223 659 259 717; x_wconf 86' lang='lat' dir='ltr'><strong>of.</strong></span> <span class='ocrx_word' id='word_1_20' title='bbox 279 658 444 718; x_wconf 87' lang='lat' dir='ltr'><strong>Ambastos</strong></span> <span class='ocrx_word' id='word_1_21' title='bbox 466 659 582 736; x_wconf 77' lang='lat' dir='ltr'><strong>Fabios,</strong></span> <span class='ocrx_word' id='word_1_22' title='bbox 602 661 641 719; x_wconf 87' lang='lat' dir='ltr'><strong>al.</strong></span> 
     </span>
    </p>
   </div>
   <div class='ocr_carea' id='block_1_4' title="bbox 656 799 794 862">
    <p class='ocr_par' dir='ltr' id='par_1_4' title="bbox 656 799 794 862">
     <span class='ocr_line' id='line_1_5' title="bbox 656 799 794 862; baseline 0 0"><span class='ocrx_word' id='word_1_23' title='bbox 656 799 794 862; x_wconf 79' lang='lat' dir='ltr'><strong>Asinius</strong></span> 
     </span>
    </p>
   </div>
   <div class='ocr_carea' id='block_1_5' title="bbox 130 906 1312 1150">
    <p class='ocr_par' dir='ltr' id='par_1_5' title="bbox 130 906 1312 1150">
     <span class='ocr_line' id='line_1_6' title="bbox 223 906 1310 986; baseline 0.01 -22"><span class='ocrx_word' id='word_1_24' title='bbox 223 906 279 966; x_wconf 93' lang='lat' dir='ltr'><strong>hoc</strong></span> <span class='ocrx_word' id='word_1_25' title='bbox 298 927 405 967; x_wconf 91' lang='lat' dir='ltr'><strong>nomen</strong></span> <span class='ocrx_word' id='word_1_26' title='bbox 430 909 616 968; x_wconf 80' lang='lat' dir='ltr'><strong>rarissimum</strong></span> <span class='ocrx_word' id='word_1_27' title='bbox 640 911 753 986; x_wconf 83' lang='lat' dir='ltr'><strong>legitur</strong></span> <span class='ocrx_word' id='word_1_28' title='bbox 771 912 802 968; x_wconf 90' lang='lat' dir='ltr'><strong>in</strong></span> <span class='ocrx_word' id='word_1_29' title='bbox 826 911 916 970; x_wconf 87' lang='lat' dir='ltr'><strong>titulo</strong></span> <span class='ocrx_word' id='word_1_30' title='bbox 938 910 1016 972; x_wconf 78' lang='lat' dir='ltr'><strong>Gall.</strong></span> <span class='ocrx_word' id='word_1_31' title='bbox 1036 912 1130 972; x_wconf 84' lang='lat' dir='ltr'><strong>Narb.</strong></span> <span class='ocrx_word' id='word_1_32' title='bbox 1150 913 1209 972; x_wconf 88' lang='lat' dir='ltr'><strong>XII</strong></span> <span class='ocrx_word' id='word_1_33' title='bbox 1224 915 1310 974; x_wconf 77' lang='lat'><strong>2636</strong></span> 
     </span>
     <span class='ocr_line' id='line_1_7' title="bbox 135 997 1312 1080; baseline 0.007 -26"><span class='ocrx_word' id='word_1_34' title='bbox 135 998 239 1056; x_wconf 89' lang='lat' dir='ltr'><strong>aetate</strong></span> <span class='ocrx_word' id='word_1_35' title='bbox 266 997 432 1057; x_wconf 70' lang='lat' dir='ltr'><strong>recentiore</strong></span> <span class='ocrx_word' id='word_1_36' title='bbox 460 999 579 1075; x_wconf 90' lang='lat' dir='ltr'><strong>scripto.</strong></span> <span class='ocrx_word' id='word_1_37' title='bbox 627 999 769 1058; x_wconf 86' lang='lat' dir='ltr'><strong>Astutam</strong></span> <span class='ocrx_word' id='word_1_38' title='bbox 802 1001 960 1060; x_wconf 88' lang='lat' dir='ltr'><strong>mulierem</strong></span> <span class='ocrx_word' id='word_1_39' title='bbox 999 1001 1125 1078; x_wconf 85' lang='lat' dir='ltr'><strong>praebet-</strong></span> <span class='ocrx_word' id='word_1_40' title='bbox 1157 1003 1312 1080; x_wconf 79' lang='lat' dir='ltr'><strong>inscriptio</strong></span> 
     </span>
     <span class='ocr_line' id='line_1_8' title="bbox 130 1085 1103 1150; baseline 0.007 -7"><span class='ocrx_word' id='word_1_41' title='bbox 130 1085 334 1146; x_wconf 84' lang='lat' dir='ltr'><strong>Mastarensis</strong></span> <span class='ocrx_word' id='word_1_42' title='bbox 353 1086 428 1146; x_wconf 91' lang='lat' dir='ltr'><strong>VIII</strong></span> <span class='ocrx_word' id='word_1_43' title='bbox 445 1091 529 1148; x_wconf 87' lang='grc'><strong>6517</strong></span> <span class='ocrx_word' id='word_1_44' title='bbox 551 1089 678 1149; x_wconf 87' lang='lat' dir='ltr'><strong>fortasse</strong></span> <span class='ocrx_word' id='word_1_45' title='bbox 698 1109 757 1148; x_wconf 89' lang='lat' dir='ltr'><strong>non</strong></span> <span class='ocrx_word' id='word_1_46' title='bbox 776 1094 858 1149; x_wconf 86' lang='lat' dir='ltr'><strong>reete</strong></span> <span class='ocrx_word' id='word_1_47' title='bbox 877 1090 963 1150; x_wconf 91' lang='lat' dir='ltr'><strong>nobis</strong></span> <span class='ocrx_word' id='word_1_48' title='bbox 983 1091 1103 1150; x_wconf 85' lang='lat' dir='ltr'><strong>tradita.</strong></span> 
     </span>
    </p>
   </div>
   <div class='ocr_carea' id='block_1_6' title="bbox 649 1263 804 1328">
    <p class='ocr_par' dir='ltr' id='par_1_6' title="bbox 649 1263 804 1328">
     <span class='ocr_line' id='line_1_9' title="bbox 649 1263 804 1328; baseline 0.013 -2"><span class='ocrx_word' id='word_1_49' title='bbox 649 1263 804 1328; x_wconf 87' lang='lat' dir='ltr'><strong>Atonitus</strong></span> 
     </span>
    </p>
   </div>
   <div class='ocr_carea' id='block_1_7' title="bbox 22 1391 1313 1828">
    <p class='ocr_par' dir='ltr' id='par_1_7' title="bbox 227 1391 915 1468">
     <span class='ocr_line' id='line_1_10' title="bbox 227 1391 915 1468; baseline 0.007 -19"><span class='ocrx_word' id='word_1_50' title='bbox 227 1410 335 1450; x_wconf 90' lang='lat' dir='ltr'><strong>nomen</strong></span> <span class='ocrx_word' id='word_1_51' title='bbox 349 1393 417 1468; x_wconf 89' lang='lat' dir='ltr'><strong>eqni</strong></span> <span class='ocrx_word' id='word_1_52' title='bbox 438 1391 687 1467; x_wconf 74' lang='lat' dir='ltr'><strong>Cartbayinionsis</strong></span> <span class='ocrx_word' id='word_1_53' title='bbox 706 1393 782 1453; x_wconf 87' lang='lat' dir='ltr'><strong>VIII</strong></span> <span class='ocrx_word' id='word_1_54' title='bbox 799 1396 915 1454; x_wconf 83' lang='lat'><strong>12504.</strong></span> 
     </span>
    </p>

    <p class='ocr_par' dir='ltr' id='par_1_8' title="bbox 22 1480 1313 1828">
     <span class='ocr_line' id='line_1_11' title="bbox 22 1480 1312 1562; baseline 0.005 -26"><span class='ocrx_word' id='word_1_55' title='bbox 22 1533 23 1536; x_wconf 74' lang='grc'>,</span> <span class='ocrx_word' id='word_1_56' title='bbox 225 1480 281 1538; x_wconf 88' lang='lat' dir='ltr'><strong>hoc</strong></span> <span class='ocrx_word' id='word_1_57' title='bbox 304 1481 423 1540; x_wconf 90' lang='lat' dir='ltr'><strong>nomine</strong></span> <span class='ocrx_word' id='word_1_58' title='bbox 447 1481 528 1540; x_wconf 90' lang='lat' dir='ltr'><strong>hand</strong></span> <span class='ocrx_word' id='word_1_59' title='bbox 550 1484 709 1542; x_wconf 86' lang='lat' dir='ltr'><strong>invenuste</strong></span> <span class='ocrx_word' id='word_1_60' title='bbox 733 1484 802 1558; x_wconf 91' lang='lat' dir='ltr'><strong>equi</strong></span> <span class='ocrx_word' id='word_1_61' title='bbox 824 1486 934 1542; x_wconf 87' lang='lat' dir='ltr'><strong>natura</strong></span> <span class='ocrx_word' id='word_1_62' title='bbox 957 1483 1145 1562; x_wconf 82' lang='lat' dir='ltr'><strong>designatur,</strong></span> <span class='ocrx_word' id='word_1_63' title='bbox 1165 1503 1242 1560; x_wconf 88' lang='lat' dir='ltr'><strong>quae</strong></span> <span class='ocrx_word' id='word_1_64' title='bbox 1262 1485 1312 1544; x_wconf 86' lang='lat' dir='ltr'><strong>vel</strong></span> 
     </span>
     <span class='ocr_line' id='line_1_12' title="bbox 22 1569 1313 1650; baseline 0.006 -26"><span class='ocrx_word' id='word_1_65' title='bbox 22 1599 23 1624; x_wconf 70' lang='lat'>1</span> <span class='ocrx_word' id='word_1_66' title='bbox 129 1569 257 1627; x_wconf 90' lang='lat' dir='ltr'><strong>minimo</strong></span> <span class='ocrx_word' id='word_1_67' title='bbox 276 1570 406 1646; x_wconf 91' lang='lat' dir='ltr'><strong>strepitu</strong></span> <span class='ocrx_word' id='word_1_68' title='bbox 425 1572 591 1631; x_wconf 87' lang='lat' dir='ltr'><strong>concitatur</strong></span> <span class='ocrx_word' id='word_1_69' title='bbox 616 1575 706 1648; x_wconf 88' lang='lat' dir='ltr'><strong>atquo</strong></span> <span class='ocrx_word' id='word_1_70' title='bbox 729 1573 943 1649; x_wconf 70' lang='lat' dir='ltr'><strong>perturbatur,</strong></span> <span class='ocrx_word' id='word_1_71' title='bbox 966 1573 1004 1633; x_wconf 85' lang='lat' dir='ltr'><strong>ef.</strong></span> <span class='ocrx_word' id='word_1_72' title='bbox 1023 1573 1074 1633; x_wconf 85' lang='lat' dir='ltr'><strong>Sil.</strong></span> <span class='ocrx_word' id='word_1_73' title='bbox 1089 1573 1132 1631; x_wconf 91' lang='lat' dir='ltr'><strong>VI</strong></span> <span class='ocrx_word' id='word_1_74' title='bbox 1154 1575 1217 1634; x_wconf 77' lang='lat'><strong>230</strong></span> <span class='ocrx_word' id='word_1_75' title='bbox 1232 1592 1313 1650; x_wconf 92' lang='lat' dir='ltr'><strong>sqq.:</strong></span> 
     </span>
     <span class='ocr_line' id='line_1_13' title="bbox 132 1653 1313 1740; baseline 0.005 -24"><span class='ocrx_word' id='word_1_76' title='bbox 132 1653 243 1717; x_wconf 77' lang='lat' dir='ltr'><strong>‘omnis</strong></span> <span class='ocrx_word' id='word_1_77' title='bbox 263 1659 385 1719; x_wconf 86' lang='lat' dir='ltr'><strong>anhelat</strong></span> <span class='ocrx_word' id='word_1_78' title='bbox 403 1661 551 1720; x_wconf 88' lang='lat' dir='ltr'><strong>attonitus</strong></span> <span class='ocrx_word' id='word_1_79' title='bbox 570 1663 718 1738; x_wconf 89' lang='lat' dir='ltr'><strong>serpentis</strong></span> <span class='ocrx_word' id='word_1_80' title='bbox 742 1680 850 1740; x_wconf 89' lang='lat' dir='ltr'><strong>equus,</strong></span> <span class='ocrx_word' id='word_1_81' title='bbox 875 1663 1018 1740; x_wconf 86' lang='lat' dir='ltr'><strong>frenoque</strong></span> <span class='ocrx_word' id='word_1_82' title='bbox 1037 1663 1133 1722; x_wconf 89' lang='lat' dir='ltr'><strong>teneri</strong></span> <span class='ocrx_word' id='word_1_83' title='bbox 1152 1662 1313 1738; x_wconf 84' lang='lat' dir='ltr'><strong>impatiens</strong></span> 
     </span>
     <span class='ocr_line' id='line_1_14' title="bbox 131 1745 659 1828; baseline 0.006 -21"><span class='ocrx_word' id='word_1_84' title='bbox 131 1748 256 1808; x_wconf 88' lang='lat' dir='ltr'><strong>crebros</strong></span> <span class='ocrx_word' id='word_1_85' title='bbox 275 1749 392 1824; x_wconf 87' lang='lat' dir='ltr'><strong>expirat</strong></span> <span class='ocrx_word' id='word_1_86' title='bbox 409 1750 533 1810; x_wconf 88' lang='lat' dir='ltr'><strong>naribus</strong></span> <span class='ocrx_word' id='word_1_87' title='bbox 551 1745 659 1828; x_wconf 68' lang='lat' dir='ltr'><strong>ignes?</strong></span> 
     </span>
    </p>
   </div>
   <div class='ocr_carea' id='block_1_8' title="bbox 661 1925 786 1989">
    <p class='ocr_par' dir='ltr' id='par_1_9' title="bbox 661 1925 786 1989">
     <span class='ocr_line' id='line_1_15' title="bbox 661 1925 786 1989; baseline 0.008 -1"><span class='ocrx_word' id='word_1_88' title='bbox 661 1925 786 1989; x_wconf 84' lang='lat' dir='ltr'><strong>Arctus</strong></span> 
     </span>
    </p>
   </div>
   <div class='ocr_carea' id='block_1_9' title="bbox 129 2053 1330 3112">
    <p class='ocr_par' dir='ltr' id='par_1_10' title="bbox 130 2053 1313 2577">
     <span class='ocr_line' id='line_1_16' title="bbox 222 2053 1311 2134; baseline 0.005 -23"><span class='ocrx_word' id='word_1_89' title='bbox 222 2053 278 2112; x_wconf 89' lang='lat' dir='ltr'><strong>hoc</strong></span> <span class='ocrx_word' id='word_1_90' title='bbox 300 2071 408 2112; x_wconf 89' lang='lat' dir='ltr'><strong>nomen</strong></span> <span class='ocrx_word' id='word_1_91' title='bbox 427 2054 522 2113; x_wconf 85' lang='lat' dir='ltr'><strong>servis</strong></span> <span class='ocrx_word' id='word_1_92' title='bbox 540 2054 654 2130; x_wconf 90' lang='lat' dir='ltr'><strong>imponi</strong></span> <span class='ocrx_word' id='word_1_93' title='bbox 682 2059 819 2132; x_wconf 89' lang='lat' dir='ltr'><strong>coeptum</strong></span> <span class='ocrx_word' id='word_1_94' title='bbox 840 2059 887 2115; x_wconf 87' lang='lat' dir='ltr'><strong>est</strong></span> <span class='ocrx_word' id='word_1_95' title='bbox 905 2075 940 2115; x_wconf 91' lang='lat' dir='ltr'><strong>ea</strong></span> <span class='ocrx_word' id='word_1_96' title='bbox 958 2057 1021 2115; x_wconf 87' lang='lat' dir='ltr'><strong>fere</strong></span> <span class='ocrx_word' id='word_1_97' title='bbox 1040 2059 1149 2134; x_wconf 90' lang='lat' dir='ltr'><strong>aetate,</strong></span> <span class='ocrx_word' id='word_1_98' title='bbox 1168 2075 1228 2132; x_wconf 89' lang='lat' dir='ltr'><strong>qua</strong></span> <span class='ocrx_word' id='word_1_99' title='bbox 1250 2076 1311 2116; x_wconf 89' lang='lat' dir='ltr'><strong>res·</strong></span> 
     </span>
     <span class='ocr_line' id='line_1_17' title="bbox 131 2141 1313 2222; baseline 0.004 -22"><span class='ocrx_word' id='word_1_100' title='bbox 131 2141 256 2218; x_wconf 88' lang='lat' dir='ltr'><strong>publica</strong></span> <span class='ocrx_word' id='word_1_101' title='bbox 273 2143 368 2202; x_wconf 91' lang='lat' dir='ltr'><strong>libera</strong></span> <span class='ocrx_word' id='word_1_102' title='bbox 382 2161 448 2201; x_wconf 88' lang='lat' dir='ltr'><strong>esse</strong></span> <span class='ocrx_word' id='word_1_103' title='bbox 468 2143 566 2202; x_wconf 76' lang='lat' dir='ltr'><strong>desili.</strong></span> <span class='ocrx_word' id='word_1_104' title='bbox 603 2144 688 2204; x_wconf 86' lang='lat' dir='ltr'><strong>brevi</strong></span> <span class='ocrx_word' id='word_1_105' title='bbox 702 2145 831 2204; x_wconf 85' lang='lat' dir='ltr'><strong>maximo</strong></span> <span class='ocrx_word' id='word_1_106' title='bbox 850 2147 881 2204; x_wconf 92' lang='lat' dir='ltr'><strong>in</strong></span> <span class='ocrx_word' id='word_1_107' title='bbox 895 2165 950 2204; x_wconf 89' lang='lat' dir='ltr'><strong>usn</strong></span> <span class='ocrx_word' id='word_1_108' title='bbox 966 2145 1036 2222; x_wconf 89' lang='lat' dir='ltr'><strong>fuit;</strong></span> <span class='ocrx_word' id='word_1_109' title='bbox 1056 2165 1123 2204; x_wconf 90' lang='lat' dir='ltr'><strong>oum</strong></span> <span class='ocrx_word' id='word_1_110' title='bbox 1142 2149 1243 2205; x_wconf 88' lang='lat' dir='ltr'><strong>autem</strong></span> <span class='ocrx_word' id='word_1_111' title='bbox 1259 2167 1313 2222; x_wconf 91' lang='lat' dir='ltr'><strong>per</strong></span> 
     </span>
     <span class='ocr_line' id='line_1_18' title="bbox 130 2232 1312 2311; baseline 0.003 -21"><span class='ocrx_word' id='word_1_112' title='bbox 130 2233 192 2291; x_wconf 90' lang='lat' dir='ltr'><strong>dno</strong></span> <span class='ocrx_word' id='word_1_113' title='bbox 218 2232 337 2290; x_wconf 88' lang='lat' dir='ltr'><strong>saecula</strong></span> <span class='ocrx_word' id='word_1_114' title='bbox 362 2232 522 2307; x_wconf 83' lang='lat' dir='ltr'><strong>viguisset,</strong></span> <span class='ocrx_word' id='word_1_115' title='bbox 547 2233 639 2291; x_wconf 89' lang='lat' dir='ltr'><strong>tertio</strong></span> <span class='ocrx_word' id='word_1_116' title='bbox 671 2235 811 2311; x_wconf 68' lang='lat' dir='ltr'><strong>exolevit,</strong></span> <span class='ocrx_word' id='word_1_117' title='bbox 838 2237 1020 2294; x_wconf 89' lang='lat' dir='ltr'><strong>urbanorum</strong></span> <span class='ocrx_word' id='word_1_118' title='bbox 1044 2235 1122 2294; x_wconf 90' lang='lat' dir='ltr'><strong>enim</strong></span> <span class='ocrx_word' id='word_1_119' title='bbox 1145 2236 1312 2310; x_wconf 89' lang='lat' dir='ltr'><strong>titulorum,</strong></span> 
     </span>
     <span class='ocr_line' id='line_1_19' title="bbox 130 2321 1313 2403; baseline 0.004 -25"><span class='ocrx_word' id='word_1_120' title='bbox 130 2321 185 2397; x_wconf 89' lang='lat' dir='ltr'><strong>qui</strong></span> <span class='ocrx_word' id='word_1_121' title='bbox 210 2323 280 2380; x_wconf 89' lang='lat' dir='ltr'><strong>sunt</strong></span> <span class='ocrx_word' id='word_1_122' title='bbox 307 2321 443 2395; x_wconf 86' lang='lat' dir='ltr'><strong>sescenti,</strong></span> <span class='ocrx_word' id='word_1_123' title='bbox 472 2321 574 2380; x_wconf 88' lang='lat' dir='ltr'><strong>nullus</strong></span> <span class='ocrx_word' id='word_1_124' title='bbox 598 2340 777 2397; x_wconf 81' lang='lat' dir='ltr'><strong>praenomen</strong></span> <span class='ocrx_word' id='word_1_125' title='bbox 802 2324 911 2384; x_wconf 88' lang='lat' dir='ltr'><strong>omisit.</strong></span> <span class='ocrx_word' id='word_1_126' title='bbox 953 2324 1039 2397; x_wconf 89' lang='lat' dir='ltr'><strong>servi,</strong></span> <span class='ocrx_word' id='word_1_127' title='bbox 1058 2324 1206 2403; x_wconf 88' lang='lat' dir='ltr'><strong>libertini,</strong></span> <span class='ocrx_word' id='word_1_128' title='bbox 1229 2327 1313 2385; x_wconf 87' lang='lat' dir='ltr'><strong>brevi</strong></span> 
     </span>
     <span class='ocr_line' id='line_1_20' title="bbox 133 2410 1312 2487; baseline 0.003 -17"><span class='ocrx_word' id='word_1_129' title='bbox 133 2410 227 2470; x_wconf 87' lang='lat' dir='ltr'><strong>etiam</strong></span> <span class='ocrx_word' id='word_1_130' title='bbox 245 2410 367 2468; x_wconf 89' lang='lat' dir='ltr'><strong>humilis</strong></span> <span class='ocrx_word' id='word_1_131' title='bbox 390 2412 447 2469; x_wconf 91' lang='lat' dir='ltr'><strong>loci</strong></span> <span class='ocrx_word' id='word_1_132' title='bbox 469 2411 593 2487; x_wconf 85' lang='lat' dir='ltr'><strong>ingenui</strong></span> <span class='ocrx_word' id='word_1_133' title='bbox 612 2412 668 2470; x_wconf 91' lang='lat' dir='ltr'><strong>hoc</strong></span> <span class='ocrx_word' id='word_1_134' title='bbox 682 2413 801 2472; x_wconf 92' lang='lat' dir='ltr'><strong>nomine</strong></span> <span class='ocrx_word' id='word_1_135' title='bbox 817 2414 1001 2474; x_wconf 86' lang='lat' dir='ltr'><strong>vocabantur</strong></span> <span class='ocrx_word' id='word_1_136' title='bbox 1019 2413 1087 2472; x_wconf 91' lang='lat' dir='ltr'><strong>inde</strong></span> <span class='ocrx_word' id='word_1_137' title='bbox 1103 2414 1140 2473; x_wconf 88' lang='lat' dir='ltr'><strong>ab</strong></span> <span class='ocrx_word' id='word_1_138' title='bbox 1160 2419 1228 2474; x_wconf 91' lang='lat' dir='ltr'><strong>ortu</strong></span> <span class='ocrx_word' id='word_1_139' title='bbox 1249 2415 1312 2473; x_wconf 91' lang='lat' dir='ltr'><strong>eius</strong></span> 
     </span>
     <span class='ocr_line' id='line_1_21' title="bbox 130 2499 1181 2577; baseline 0.002 -17"><span class='ocrx_word' id='word_1_140' title='bbox 130 2517 229 2577; x_wconf 85' lang='lat' dir='ltr'><strong>usque</strong></span> <span class='ocrx_word' id='word_1_141' title='bbox 247 2499 286 2557; x_wconf 88' lang='lat' dir='ltr'><strong>ad</strong></span> <span class='ocrx_word' id='word_1_142' title='bbox 305 2499 473 2575; x_wconf 88' lang='lat' dir='ltr'><strong>interitum,</strong></span> <span class='ocrx_word' id='word_1_143' title='bbox 493 2501 678 2560; x_wconf 86' lang='lat' dir='ltr'><strong>honestiores</strong></span> <span class='ocrx_word' id='word_1_144' title='bbox 698 2521 769 2562; x_wconf 87' lang='lat' dir='ltr'><strong>vero</strong></span> <span class='ocrx_word' id='word_1_145' title='bbox 789 2503 907 2561; x_wconf 88' lang='lat' dir='ltr'><strong>omnino</strong></span> <span class='ocrx_word' id='word_1_146' title='bbox 927 2521 961 2561; x_wconf 91' lang='lat' dir='ltr'><strong>ec</strong></span> <span class='ocrx_word' id='word_1_147' title='bbox 981 2502 1181 2562; x_wconf 76' lang='lat' dir='ltr'><strong>abstinebant.</strong></span> 
     </span>
    </p>

    <p class='ocr_par' dir='ltr' id='par_1_11' title="bbox 129 2588 1330 3112">
     <span class='ocr_line' id='line_1_22' title="bbox 223 2588 1330 2669; baseline 0.005 -23"><span class='ocrx_word' id='word_1_148' title='bbox 223 2589 311 2664; x_wconf 86' lang='lat' dir='ltr'><strong>longe</strong></span> <span class='ocrx_word' id='word_1_149' title='bbox 329 2588 460 2663; x_wconf 86' lang='lat' dir='ltr'><strong>plurima</strong></span> <span class='ocrx_word' id='word_1_150' title='bbox 478 2591 613 2665; x_wconf 86' lang='lat' dir='ltr'><strong>exempla</strong></span> <span class='ocrx_word' id='word_1_151' title='bbox 629 2590 697 2664; x_wconf 90' lang='lat' dir='ltr'><strong>ipsa</strong></span> <span class='ocrx_word' id='word_1_152' title='bbox 717 2591 790 2650; x_wconf 89' lang='lat' dir='ltr'><strong>urbs</strong></span> <span class='ocrx_word' id='word_1_153' title='bbox 811 2591 908 2649; x_wconf 85' lang='lat' dir='ltr'><strong>Roma</strong></span> <span class='ocrx_word' id='word_1_154' title='bbox 927 2591 1022 2669; x_wconf 88' lang='lat' dir='ltr'><strong>dedit,</strong></span> <span class='ocrx_word' id='word_1_155' title='bbox 1044 2592 1096 2650; x_wconf 91' lang='lat' dir='ltr'><strong>ubi</strong></span> <span class='ocrx_word' id='word_1_156' title='bbox 1114 2592 1330 2660; x_wconf 74' lang='lat' dir='ltr'><strong>columbario,</strong></span> 
     </span>
     <span class='ocr_line' id='line_1_23' title="bbox 129 2677 1313 2756; baseline 0.003 -19"><span class='ocrx_word' id='word_1_157' title='bbox 129 2698 200 2737; x_wconf 84' lang='lat' dir='ltr'><strong>rum</strong></span> <span class='ocrx_word' id='word_1_158' title='bbox 223 2677 306 2737; x_wconf 87' lang='lat' dir='ltr'><strong>tituli</strong></span> <span class='ocrx_word' id='word_1_159' title='bbox 329 2678 450 2756; x_wconf 88' lang='lat' dir='ltr'><strong>docent,</strong></span> <span class='ocrx_word' id='word_1_160' title='bbox 473 2697 564 2755; x_wconf 84' lang='lat' dir='ltr'><strong>qnam</strong></span> <span class='ocrx_word' id='word_1_161' title='bbox 587 2678 694 2738; x_wconf 88' lang='lat' dir='ltr'><strong>tritum</strong></span> <span class='ocrx_word' id='word_1_162' title='bbox 722 2681 778 2738; x_wconf 89' lang='lat' dir='ltr'><strong>hoc</strong></span> <span class='ocrx_word' id='word_1_163' title='bbox 797 2699 910 2739; x_wconf 89' lang='lat' dir='ltr'><strong>nomon</strong></span> <span class='ocrx_word' id='word_1_164' title='bbox 928 2681 987 2738; x_wconf 90' lang='lat' dir='ltr'><strong>iam</strong></span> <span class='ocrx_word' id='word_1_165' title='bbox 1007 2680 1167 2754; x_wconf 87' lang='lat' dir='ltr'><strong>incipiente</strong></span> <span class='ocrx_word' id='word_1_166' title='bbox 1186 2682 1313 2756; x_wconf 89' lang='lat' dir='ltr'><strong>impera-</strong></span> 
     </span>
     <span class='ocr_line' id='line_1_24' title="bbox 130 2767 1312 2846; baseline 0.003 -20"><span class='ocrx_word' id='word_1_167' title='bbox 130 2775 233 2826; x_wconf 89' lang='lat' dir='ltr'><strong>torum</strong></span> <span class='ocrx_word' id='word_1_168' title='bbox 251 2771 350 2826; x_wconf 89' lang='lat' dir='ltr'><strong>aetate</strong></span> <span class='ocrx_word' id='word_1_169' title='bbox 369 2767 449 2844; x_wconf 89' lang='lat' dir='ltr'><strong>apud</strong></span> <span class='ocrx_word' id='word_1_170' title='bbox 473 2786 575 2830; x_wconf 84' lang='lat' dir='ltr'><strong>servos</strong></span> <span class='ocrx_word' id='word_1_171' title='bbox 598 2768 697 2828; x_wconf 84' lang='lat' dir='ltr'><strong>luerit.</strong></span> <span class='ocrx_word' id='word_1_172' title='bbox 734 2769 909 2828; x_wconf 88' lang='lat' dir='ltr'><strong>libertinam</strong></span> <span class='ocrx_word' id='word_1_173' title='bbox 937 2787 1002 2828; x_wconf 89' lang='lat' dir='ltr'><strong>esse</strong></span> <span class='ocrx_word' id='word_1_174' title='bbox 1028 2769 1229 2829; x_wconf 89' lang='lat' dir='ltr'><strong>condicionem</strong></span> <span class='ocrx_word' id='word_1_175' title='bbox 1248 2771 1312 2846; x_wconf 88' lang='lat' dir='ltr'><strong>ple-</strong></span> 
     </span>
     <span class='ocr_line' id='line_1_25' title="bbox 129 2857 1312 2937; baseline 0.003 -22"><span class='ocrx_word' id='word_1_176' title='bbox 129 2877 260 2934; x_wconf 89' lang='lat' dir='ltr'><strong>rumque</strong></span> <span class='ocrx_word' id='word_1_177' title='bbox 279 2857 358 2916; x_wconf 86' lang='lat' dir='ltr'><strong>clare</strong></span> <span class='ocrx_word' id='word_1_178' title='bbox 377 2857 495 2918; x_wconf 89' lang='lat' dir='ltr'><strong>dicitur.</strong></span> <span class='ocrx_word' id='word_1_179' title='bbox 545 2857 744 2917; x_wconf 84' lang='lat' dir='ltr'><strong>recentissimi</strong></span> <span class='ocrx_word' id='word_1_180' title='bbox 764 2878 868 2917; x_wconf 88' lang='lat' dir='ltr'><strong>eorum</strong></span> <span class='ocrx_word' id='word_1_181' title='bbox 888 2859 1063 2937; x_wconf 86' lang='lat' dir='ltr'><strong>titulorum,</strong></span> <span class='ocrx_word' id='word_1_182' title='bbox 1083 2879 1209 2935; x_wconf 91' lang='lat' dir='ltr'><strong>quorum</strong></span> <span class='ocrx_word' id='word_1_183' title='bbox 1229 2863 1312 2918; x_wconf 88' lang='lat' dir='ltr'><strong>aetas</strong></span> 
     </span>
     <span class='ocr_line' id='line_1_26' title="bbox 130 2946 1312 3024; baseline 0 -18"><span class='ocrx_word' id='word_1_184' title='bbox 130 2949 216 3006; x_wconf 87' lang='lat' dir='ltr'><strong>certa</strong></span> <span class='ocrx_word' id='word_1_185' title='bbox 242 2950 300 3020; x_wconf 87' lang='lat' dir='ltr'><strong>est,</strong></span> <span class='ocrx_word' id='word_1_186' title='bbox 324 2947 382 3005; x_wconf 91' lang='lat' dir='ltr'><strong>dno</strong></span> <span class='ocrx_word' id='word_1_187' title='bbox 402 2951 473 3006; x_wconf 86' lang='lat' dir='ltr'><strong>sunt</strong></span> <span class='ocrx_word' id='word_1_188' title='bbox 495 2946 655 3022; x_wconf 89' lang='lat' dir='ltr'><strong>incipiente</strong></span> <span class='ocrx_word' id='word_1_189' title='bbox 681 2949 799 3007; x_wconf 88' lang='lat' dir='ltr'><strong>saeculo</strong></span> <span class='ocrx_word' id='word_1_190' title='bbox 828 2948 919 3007; x_wconf 90' lang='lat' dir='ltr'><strong>tertio</strong></span> <span class='ocrx_word' id='word_1_191' title='bbox 939 2948 1051 3024; x_wconf 87' lang='lat' dir='ltr'><strong>scripti.</strong></span> <span class='ocrx_word' id='word_1_192' title='bbox 1089 2949 1167 3007; x_wconf 90' lang='lat' dir='ltr'><strong>hand</strong></span> <span class='ocrx_word' id='word_1_193' title='bbox 1188 2967 1312 3024; x_wconf 90' lang='lat' dir='ltr'><strong>parvam</strong></span> 
     </span>
     <span class='ocr_line' id='line_1_27' title="bbox 131 3036 1313 3112; baseline 0 -16"><span class='ocrx_word' id='word_1_194' title='bbox 131 3036 337 3110; x_wconf 88' lang='lat' dir='ltr'><strong>exemplorum</strong></span> <span class='ocrx_word' id='word_1_195' title='bbox 364 3036 480 3112; x_wconf 85' lang='lat' dir='ltr'><strong>copiam</strong></span> <span class='ocrx_word' id='word_1_196' title='bbox 504 3036 596 3096; x_wconf 90' lang='lat' dir='ltr'><strong>habes</strong></span> <span class='ocrx_word' id='word_1_197' title='bbox 619 3036 651 3095; x_wconf 93' lang='lat' dir='ltr'><strong>in</strong></span> <span class='ocrx_word' id='word_1_198' title='bbox 680 3038 778 3096; x_wconf 89' lang='lat' dir='ltr'><strong>titulis</strong></span> <span class='ocrx_word' id='word_1_199' title='bbox 806 3039 888 3096; x_wconf 83' lang='lat' dir='ltr'><strong>Latii</strong></span> <span class='ocrx_word' id='word_1_200' title='bbox 909 3037 1090 3110; x_wconf 76' lang='lat' dir='ltr'><strong>Soranaque,</strong></span> <span class='ocrx_word' id='word_1_201' title='bbox 1115 3038 1259 3096; x_wconf 89' lang='lat' dir='ltr'><strong>maiorem</strong></span> <span class='ocrx_word' id='word_1_202' title='bbox 1281 3039 1313 3096; x_wconf 93' lang='lat' dir='ltr'><strong>in</strong></span> 
     </span>
    </p>
   </div>
   <div class='ocr_carea' id='block_1_10' title="bbox 23 3125 1312 3292">
    <p class='ocr_par' dir='ltr' id='par_1_12' title="bbox 23 3125 1312 3292">
     <span class='ocr_line' id='line_1_28' title="bbox 23 3125 1311 3198; baseline 0.002 -14"><span class='ocrx_word' id='word_1_203' title='bbox 23 3173 25 3198; x_wconf 67' lang='lat'><strong>,</strong></span> <span class='ocrx_word' id='word_1_204' title='bbox 130 3125 302 3198; x_wconf 75' lang='lat' dir='ltr'><strong>Campanis.</strong></span> <span class='ocrx_word' id='word_1_205' title='bbox 339 3126 436 3184; x_wconf 86' lang='lat' dir='ltr'><strong>rarius</strong></span> <span class='ocrx_word' id='word_1_206' title='bbox 460 3128 560 3184; x_wconf 87' lang='lat' dir='ltr'><strong>antem</strong></span> <span class='ocrx_word' id='word_1_207' title='bbox 583 3126 639 3185; x_wconf 91' lang='lat' dir='ltr'><strong>hoc</strong></span> <span class='ocrx_word' id='word_1_208' title='bbox 661 3146 768 3186; x_wconf 90' lang='lat' dir='ltr'><strong>nomen</strong></span> <span class='ocrx_word' id='word_1_209' title='bbox 791 3127 920 3185; x_wconf 79' lang='lat' dir='ltr'><strong>occurrIt</strong></span> <span class='ocrx_word' id='word_1_210' title='bbox 942 3126 974 3184; x_wconf 92' lang='lat' dir='ltr'><strong>in</strong></span> <span class='ocrx_word' id='word_1_211' title='bbox 993 3127 1106 3194; x_wconf 86' lang='lat' dir='ltr'><strong>Piceno,</strong></span> <span class='ocrx_word' id='word_1_212' title='bbox 1131 3127 1161 3184; x_wconf 90' lang='lat' dir='ltr'><strong>in</strong></span> <span class='ocrx_word' id='word_1_213' title='bbox 1184 3127 1311 3196; x_wconf 82' lang='lat' dir='ltr'><strong>Sabinis,</strong></span> 
     </span>
     <span class='ocr_line' id='line_1_29' title="bbox 23 3211 1312 3292; baseline 0.001 -19"><span class='ocrx_word' id='word_1_214' title='bbox 23 3211 24 3242; x_wconf 77' lang='lat'><em>³</em></span> <span class='ocrx_word' id='word_1_215' title='bbox 128 3216 164 3274; x_wconf 89' lang='lat' dir='ltr'><strong>in</strong></span> <span class='ocrx_word' id='word_1_216' title='bbox 177 3213 296 3287; x_wconf 78' lang='lat' dir='ltr'><strong>Aequis,</strong></span> <span class='ocrx_word' id='word_1_217' title='bbox 315 3215 345 3272; x_wconf 92' lang='lat' dir='ltr'><strong>in</strong></span> <span class='ocrx_word' id='word_1_218' title='bbox 364 3216 487 3282; x_wconf 79' lang='lat' dir='ltr'><strong>Marsis,</strong></span> <span class='ocrx_word' id='word_1_219' title='bbox 506 3215 538 3272; x_wconf 91' lang='lat' dir='ltr'><strong>in</strong></span> <span class='ocrx_word' id='word_1_220' title='bbox 552 3216 708 3288; x_wconf 73' lang='lat' dir='ltr'><strong>Paolipnis,</strong></span> <span class='ocrx_word' id='word_1_221' title='bbox 727 3215 758 3273; x_wconf 88' lang='lat' dir='ltr'><strong>in</strong></span> <span class='ocrx_word' id='word_1_222' title='bbox 772 3217 916 3275; x_wconf 80' lang='lat' dir='ltr'><strong>Etruriae</strong></span> <span class='ocrx_word' id='word_1_223' title='bbox 930 3215 1108 3291; x_wconf 85' lang='lat' dir='ltr'><strong>regionibus</strong></span> <span class='ocrx_word' id='word_1_224' title='bbox 1127 3215 1312 3292; x_wconf 85' lang='lat' dir='ltr'><strong>meridianis,</strong></span> 
     </span>
    </p>
   </div>
   <div class='ocr_carea' id='block_1_11' title="bbox 128 3299 1312 3469">
    <p class='ocr_par' dir='ltr' id='par_1_13' title="bbox 128 3299 1312 3469">
     <span class='ocr_line' id='line_1_30' title="bbox 128 3299 1309 3377; baseline 0.001 -15"><span class='ocrx_word' id='word_1_225' title='bbox 128 3305 163 3362; x_wconf 89' lang='lat' dir='ltr'><strong>in</strong></span> <span class='ocrx_word' id='word_1_226' title='bbox 182 3299 306 3377; x_wconf 84' lang='lat' dir='ltr'><strong>Apulia,</strong></span> <span class='ocrx_word' id='word_1_227' title='bbox 324 3303 356 3361; x_wconf 91' lang='lat' dir='ltr'><strong>in</strong></span> <span class='ocrx_word' id='word_1_228' title='bbox 369 3305 515 3373; x_wconf 68' lang='lat' dir='ltr'><strong>Meuania,</strong></span> <span class='ocrx_word' id='word_1_229' title='bbox 534 3304 565 3362; x_wconf 90' lang='lat' dir='ltr'><strong>in</strong></span> <span class='ocrx_word' id='word_1_230' title='bbox 581 3302 731 3372; x_wconf 74' lang='lat' dir='ltr'><strong>Calabria,</strong></span> <span class='ocrx_word' id='word_1_231' title='bbox 755 3305 786 3362; x_wconf 93' lang='lat' dir='ltr'><strong>in</strong></span> <span class='ocrx_word' id='word_1_232' title='bbox 800 3304 950 3372; x_wconf 81' lang='lat' dir='ltr'><strong>Sardinia,</strong></span> <span class='ocrx_word' id='word_1_233' title='bbox 968 3305 1000 3362; x_wconf 89' lang='lat' dir='ltr'><strong>in</strong></span> <span class='ocrx_word' id='word_1_234' title='bbox 1016 3304 1116 3363; x_wconf 78' lang='lat' dir='ltr'><strong>Gallia</strong></span> <span class='ocrx_word' id='word_1_235' title='bbox 1133 3303 1309 3377; x_wconf 77' lang='lat' dir='ltr'><strong>Cispadane.</strong></span> 
     </span>
     <span class='ocr_line' id='line_1_31' title="bbox 131 3392 1312 3469; baseline -0.001 -16"><span class='ocrx_word' id='word_1_236' title='bbox 131 3395 160 3453; x_wconf 85' lang='lat' dir='ltr'><strong>si</strong></span> <span class='ocrx_word' id='word_1_237' title='bbox 179 3392 247 3469; x_wconf 86' lang='lat' dir='ltr'><strong>ipsa</strong></span> <span class='ocrx_word' id='word_1_238' title='bbox 265 3393 386 3469; x_wconf 90' lang='lat' dir='ltr'><strong>oppida,</strong></span> <span class='ocrx_word' id='word_1_239' title='bbox 409 3394 441 3451; x_wconf 90' lang='lat' dir='ltr'><strong>in</strong></span> <span class='ocrx_word' id='word_1_240' title='bbox 465 3393 572 3469; x_wconf 89' lang='lat' dir='ltr'><strong>quibus</strong></span> <span class='ocrx_word' id='word_1_241' title='bbox 600 3394 730 3469; x_wconf 87' lang='lat' dir='ltr'><strong>amplius</strong></span> <span class='ocrx_word' id='word_1_242' title='bbox 759 3394 817 3452; x_wconf 91' lang='lat' dir='ltr'><strong>duo</strong></span> <span class='ocrx_word' id='word_1_243' title='bbox 837 3394 925 3452; x_wconf 89' lang='lat' dir='ltr'><strong>buius</strong></span> <span class='ocrx_word' id='word_1_244' title='bbox 945 3393 1071 3452; x_wconf 91' lang='lat' dir='ltr'><strong>nominis</strong></span> <span class='ocrx_word' id='word_1_245' title='bbox 1093 3394 1228 3468; x_wconf 88' lang='lat' dir='ltr'><strong>exempla</strong></span> <span class='ocrx_word' id='word_1_246' title='bbox 1246 3413 1312 3468; x_wconf 90' lang='lat' dir='ltr'><strong>pro-</strong></span> 
     </span>
    </p>
   </div>
   <div class='ocr_carea' id='block_1_12' title="bbox 23 3480 1310 3559">
    <p class='ocr_par' dir='ltr' id='par_1_14' title="bbox 23 3480 1310 3559">
     <span class='ocr_line' id='line_1_32' title="bbox 23 3480 1310 3559; baseline -0.003 -15"><span class='ocrx_word' id='word_1_247' title='bbox 23 3539 24 3544; x_wconf 73' lang='grc'>,</span> <span class='ocrx_word' id='word_1_248' title='bbox 133 3483 248 3541; x_wconf 90' lang='lat' dir='ltr'><strong>dierint</strong></span> <span class='ocrx_word' id='word_1_249' title='bbox 267 3500 443 3557; x_wconf 85' lang='lat' dir='ltr'><strong>cognoscere</strong></span> <span class='ocrx_word' id='word_1_250' title='bbox 463 3483 517 3559; x_wconf 88' lang='lat' dir='ltr'><strong>vis,</strong></span> <span class='ocrx_word' id='word_1_251' title='bbox 537 3485 609 3542; x_wconf 89' lang='lat' dir='ltr'><strong>nota</strong></span> <span class='ocrx_word' id='word_1_252' title='bbox 627 3483 714 3542; x_wconf 89' lang='lat' dir='ltr'><strong>haec:</strong></span> <span class='ocrx_word' id='word_1_253' title='bbox 742 3480 867 3558; x_wconf 88' lang='lat' dir='ltr'><strong>Ostiam,</strong></span> <span class='ocrx_word' id='word_1_254' title='bbox 887 3483 1028 3558; x_wconf 81' lang='lat' dir='ltr'><strong>Capuam,</strong></span> <span class='ocrx_word' id='word_1_255' title='bbox 1047 3482 1201 3555; x_wconf 84' lang='lat' dir='ltr'><strong>Puteolos,</strong></span> <span class='ocrx_word' id='word_1_256' title='bbox 1225 3483 1310 3541; x_wconf 90' lang='lat' dir='ltr'><strong>Pom·</strong></span> 
     </span>
    </p>
   </div>
   <div class='ocr_carea' id='block_1_13' title="bbox 132 3570 1312 4542">
    <p class='ocr_par' dir='ltr' id='par_1_15' title="bbox 132 3570 1312 4184">
     <span class='ocr_line' id='line_1_33' title="bbox 133 3570 1310 3648; baseline -0.002 -16"><span class='ocrx_word' id='word_1_257' title='bbox 133 3571 234 3648; x_wconf 88' lang='lat' dir='ltr'><strong>peios,</strong></span> <span class='ocrx_word' id='word_1_258' title='bbox 257 3571 475 3648; x_wconf 88' lang='lat' dir='ltr'><strong>Beneventum,</strong></span> <span class='ocrx_word' id='word_1_259' title='bbox 499 3571 676 3648; x_wconf 89' lang='lat' dir='ltr'><strong>Venusiam,</strong></span> <span class='ocrx_word' id='word_1_260' title='bbox 701 3573 858 3631; x_wconf 88' lang='lat' dir='ltr'><strong>Mutinam.</strong></span> <span class='ocrx_word' id='word_1_261' title='bbox 910 3571 1046 3630; x_wconf 89' lang='lat' dir='ltr'><strong>Veronae</strong></span> <span class='ocrx_word' id='word_1_262' title='bbox 1071 3572 1102 3629; x_wconf 91' lang='lat' dir='ltr'><strong>in</strong></span> <span class='ocrx_word' id='word_1_263' title='bbox 1127 3571 1227 3630; x_wconf 74' lang='lat' dir='ltr'><strong>Gallia</strong></span> <span class='ocrx_word' id='word_1_264' title='bbox 1248 3570 1310 3630; x_wconf 79' lang='lat' dir='ltr'><strong>Ois-</strong></span> 
     </span>
     <span class='ocr_line' id='line_1_34' title="bbox 135 3661 1312 3736; baseline -0.002 -15"><span class='ocrx_word' id='word_1_265' title='bbox 135 3663 241 3735; x_wconf 81' lang='lat' dir='ltr'><strong>aipina</strong></span> <span class='ocrx_word' id='word_1_266' title='bbox 259 3661 317 3718; x_wconf 87' lang='lat' dir='ltr'><strong>iam</strong></span> <span class='ocrx_word' id='word_1_267' title='bbox 339 3679 365 3722; x_wconf 89' lang='lat' dir='ltr'><strong>a.</strong></span> <span class='ocrx_word' id='word_1_268' title='bbox 380 3681 408 3719; x_wconf 88' lang='lat' dir='ltr'><strong>a.</strong></span> <span class='ocrx_word' id='word_1_269' title='bbox 426 3662 487 3720; x_wconf 86' lang='grc'><strong>753</strong></span> <span class='ocrx_word' id='word_1_270' title='bbox 510 3679 611 3720; x_wconf 90' lang='lat' dir='ltr'><strong>servos</strong></span> <span class='ocrx_word' id='word_1_271' title='bbox 631 3662 686 3720; x_wconf 89' lang='lat' dir='ltr'><strong>hoc</strong></span> <span class='ocrx_word' id='word_1_272' title='bbox 709 3662 827 3720; x_wconf 90' lang='lat' dir='ltr'><strong>nomine</strong></span> <span class='ocrx_word' id='word_1_273' title='bbox 847 3661 1000 3736; x_wconf 85' lang='lat' dir='ltr'><strong>praeditus</strong></span> <span class='ocrx_word' id='word_1_274' title='bbox 1020 3661 1084 3719; x_wconf 88' lang='lat' dir='ltr'><strong>fuit.</strong></span> <span class='ocrx_word' id='word_1_275' title='bbox 1123 3661 1196 3719; x_wconf 87' lang='lat' dir='ltr'><strong>satis</strong></span> <span class='ocrx_word' id='word_1_276' title='bbox 1215 3662 1312 3719; x_wconf 90' lang='lat' dir='ltr'><strong>multa</strong></span> 
     </span>
     <span class='ocr_line' id='line_1_35' title="bbox 134 3749 1311 3826; baseline -0.003 -16"><span class='ocrx_word' id='word_1_277' title='bbox 134 3750 274 3826; x_wconf 86' lang='lat' dir='ltr'><strong>exempla</strong></span> <span class='ocrx_word' id='word_1_278' title='bbox 292 3750 323 3807; x_wconf 89' lang='lat' dir='ltr'><strong>in</strong></span> <span class='ocrx_word' id='word_1_279' title='bbox 347 3751 401 3808; x_wconf 86' lang='lat' dir='ltr'><strong>hac</strong></span> <span class='ocrx_word' id='word_1_280' title='bbox 428 3754 510 3809; x_wconf 90' lang='lat' dir='ltr'><strong>terra</strong></span> <span class='ocrx_word' id='word_1_281' title='bbox 529 3750 651 3808; x_wconf 85' lang='lat' dir='ltr'><strong>inventa</strong></span> <span class='ocrx_word' id='word_1_282' title='bbox 670 3753 755 3826; x_wconf 87' lang='lat' dir='ltr'><strong>sunt,</strong></span> <span class='ocrx_word' id='word_1_283' title='bbox 774 3770 898 3826; x_wconf 90' lang='lat' dir='ltr'><strong>quorum</strong></span> <span class='ocrx_word' id='word_1_284' title='bbox 919 3751 1013 3809; x_wconf 89' lang='lat' dir='ltr'><strong>maior</strong></span> <span class='ocrx_word' id='word_1_285' title='bbox 1032 3768 1102 3826; x_wconf 87' lang='lat' dir='ltr'><strong>pars</strong></span> <span class='ocrx_word' id='word_1_286' title='bbox 1121 3751 1254 3826; x_wconf 86' lang='lat' dir='ltr'><strong>pertinet</strong></span> <span class='ocrx_word' id='word_1_287' title='bbox 1272 3749 1311 3808; x_wconf 93' lang='lat' dir='ltr'><strong>ad</strong></span> 
     </span>
     <span class='ocr_line' id='line_1_36' title="bbox 132 3837 1310 3916; baseline -0.002 -18"><span class='ocrx_word' id='word_1_288' title='bbox 132 3839 281 3898; x_wconf 88' lang='lat' dir='ltr'><strong>Venetiae</strong></span> <span class='ocrx_word' id='word_1_289' title='bbox 314 3837 508 3916; x_wconf 87' lang='lat' dir='ltr'><strong>Histriaeque</strong></span> <span class='ocrx_word' id='word_1_290' title='bbox 539 3839 649 3916; x_wconf 88' lang='lat' dir='ltr'><strong>oppida</strong></span> <span class='ocrx_word' id='word_1_291' title='bbox 681 3840 865 3916; x_wconf 87' lang='lat' dir='ltr'><strong>Aquileiam,</strong></span> <span class='ocrx_word' id='word_1_292' title='bbox 898 3838 1106 3915; x_wconf 78' lang='lat' dir='ltr'><strong>Concordiam,</strong></span> <span class='ocrx_word' id='word_1_293' title='bbox 1143 3839 1310 3913; x_wconf 87' lang='lat' dir='ltr'><strong>Patavium,</strong></span> 
     </span>
     <span class='ocr_line' id='line_1_37' title="bbox 135 3927 1311 4004; baseline -0.002 -16"><span class='ocrx_word' id='word_1_294' title='bbox 135 3931 257 4004; x_wconf 86' lang='lat' dir='ltr'><strong>Ateste,</strong></span> <span class='ocrx_word' id='word_1_295' title='bbox 276 3927 390 3986; x_wconf 91' lang='lat' dir='ltr'><strong>Polam.</strong></span> <span class='ocrx_word' id='word_1_296' title='bbox 427 3928 586 3988; x_wconf 87' lang='lat' dir='ltr'><strong>nonnullos</strong></span> <span class='ocrx_word' id='word_1_297' title='bbox 610 3931 766 4004; x_wconf 87' lang='lat' dir='ltr'><strong>praeterea</strong></span> <span class='ocrx_word' id='word_1_298' title='bbox 789 3929 895 3986; x_wconf 86' lang='lat' dir='ltr'><strong>titulos</strong></span> <span class='ocrx_word' id='word_1_299' title='bbox 920 3928 1013 3987; x_wconf 90' lang='lat' dir='ltr'><strong>habes</strong></span> <span class='ocrx_word' id='word_1_300' title='bbox 1033 3929 1170 3988; x_wconf 89' lang='lat' dir='ltr'><strong>Veronae</strong></span> <span class='ocrx_word' id='word_1_301' title='bbox 1196 3931 1227 3986; x_wconf 89' lang='lat' dir='ltr'><strong>et</strong></span> <span class='ocrx_word' id='word_1_302' title='bbox 1251 3930 1311 3986; x_wconf 90' lang='lat' dir='ltr'><strong>Mc·</strong></span> 
     </span>
     <span class='ocr_line' id='line_1_38' title="bbox 136 4015 1311 4095; baseline 0 -19"><span class='ocrx_word' id='word_1_303' title='bbox 136 4017 275 4090; x_wconf 90' lang='lat' dir='ltr'><strong>diolanii,</strong></span> <span class='ocrx_word' id='word_1_304' title='bbox 299 4036 408 4093; x_wconf 88' lang='lat' dir='ltr'><strong>paucos</strong></span> <span class='ocrx_word' id='word_1_305' title='bbox 431 4017 462 4076; x_wconf 91' lang='lat' dir='ltr'><strong>in</strong></span> <span class='ocrx_word' id='word_1_306' title='bbox 483 4035 518 4076; x_wconf 91' lang='lat' dir='ltr'><strong>ea</strong></span> <span class='ocrx_word' id='word_1_307' title='bbox 538 4015 653 4077; x_wconf 83' lang='lat' dir='ltr'><strong>Galliae</strong></span> <span class='ocrx_word' id='word_1_308' title='bbox 672 4016 841 4093; x_wconf 79' lang='lat' dir='ltr'><strong>Cisalpinae</strong></span> <span class='ocrx_word' id='word_1_309' title='bbox 867 4021 953 4092; x_wconf 87' lang='lat' dir='ltr'><strong>parte</strong></span> <span class='ocrx_word' id='word_1_310' title='bbox 974 4036 1050 4095; x_wconf 89' lang='lat' dir='ltr'><strong>quae</strong></span> <span class='ocrx_word' id='word_1_311' title='bbox 1070 4018 1107 4075; x_wconf 92' lang='lat' dir='ltr'><strong>ad</strong></span> <span class='ocrx_word' id='word_1_312' title='bbox 1127 4018 1311 4076; x_wconf 89' lang='lat' dir='ltr'><strong>occidentem</strong></span> 
     </span>
     <span class='ocr_line' id='line_1_39' title="bbox 135 4111 263 4184; baseline 0 -18"><span class='ocrx_word' id='word_1_313' title='bbox 135 4111 263 4184; x_wconf 86' lang='lat' dir='ltr'><strong>spectat.</strong></span> 
     </span>
    </p>

    <p class='ocr_par' dir='ltr' id='par_1_16' title="bbox 132 4195 1311 4542">
     <span class='ocr_line' id='line_1_40' title="bbox 221 4195 1309 4273; baseline 0 -18"><span class='ocrx_word' id='word_1_314' title='bbox 221 4196 254 4255; x_wconf 87' lang='lat' dir='ltr'><strong>in</strong></span> <span class='ocrx_word' id='word_1_315' title='bbox 274 4195 376 4256; x_wconf 81' lang='lat' dir='ltr'><strong>Gallia</strong></span> <span class='ocrx_word' id='word_1_316' title='bbox 394 4195 595 4264; x_wconf 80' lang='lat' dir='ltr'><strong>Narbonensi,</strong></span> <span class='ocrx_word' id='word_1_317' title='bbox 620 4197 645 4256; x_wconf 89' lang='lat' dir='ltr'><strong>si</strong></span> <span class='ocrx_word' id='word_1_318' title='bbox 665 4198 836 4256; x_wconf 88' lang='lat' dir='ltr'><strong>Narbonem</strong></span> <span class='ocrx_word' id='word_1_319' title='bbox 860 4197 984 4273; x_wconf 84' lang='lat' dir='ltr'><strong>excipis,</strong></span> <span class='ocrx_word' id='word_1_320' title='bbox 1009 4215 1068 4256; x_wconf 94' lang='lat' dir='ltr'><strong>non</strong></span> <span class='ocrx_word' id='word_1_321' title='bbox 1092 4197 1221 4272; x_wconf 87' lang='lat' dir='ltr'><strong>amplius</strong></span> <span class='ocrx_word' id='word_1_322' title='bbox 1250 4195 1309 4255; x_wconf 91' lang='lat' dir='ltr'><strong>duo</strong></span> 
     </span>
     <span class='ocr_line' id='line_1_41' title="bbox 132 4286 1311 4363; baseline -0.003 -16"><span class='ocrx_word' id='word_1_323' title='bbox 132 4286 230 4347; x_wconf 86' lang='lat' dir='ltr'><strong>habes</strong></span> <span class='ocrx_word' id='word_1_324' title='bbox 245 4286 393 4363; x_wconf 87' lang='lat' dir='ltr'><strong>exempla;</strong></span> <span class='ocrx_word' id='word_1_325' title='bbox 412 4286 651 4346; x_wconf 89' lang='lat' dir='ltr'><strong>Narbonensium</strong></span> <span class='ocrx_word' id='word_1_326' title='bbox 666 4289 766 4346; x_wconf 88' lang='lat' dir='ltr'><strong>autem</strong></span> <span class='ocrx_word' id='word_1_327' title='bbox 781 4291 849 4345; x_wconf 89' lang='lat' dir='ltr'><strong>arta</strong></span> <span class='ocrx_word' id='word_1_328' title='bbox 864 4307 930 4345; x_wconf 91' lang='lat' dir='ltr'><strong>cum</strong></span> <span class='ocrx_word' id='word_1_329' title='bbox 946 4287 1036 4345; x_wconf 88' lang='lat' dir='ltr'><strong>Italia</strong></span> <span class='ocrx_word' id='word_1_330' title='bbox 1055 4286 1223 4345; x_wconf 89' lang='lat' dir='ltr'><strong>coniunctio</strong></span> <span class='ocrx_word' id='word_1_331' title='bbox 1239 4289 1311 4362; x_wconf 86' lang='lat' dir='ltr'><strong>post</strong></span> 
     </span>
     <span class='ocr_line' id='line_1_42' title="bbox 132 4373 1309 4454; baseline -0.003 -18"><span class='ocrx_word' id='word_1_332' title='bbox 132 4377 234 4436; x_wconf 87' lang='lat' dir='ltr'><strong>multa</strong></span> <span class='ocrx_word' id='word_1_333' title='bbox 260 4375 434 4435; x_wconf 88' lang='lat' dir='ltr'><strong>testimonia</strong></span> <span class='ocrx_word' id='word_1_334' title='bbox 463 4377 519 4435; x_wconf 91' lang='lat' dir='ltr'><strong>hoc</strong></span> <span class='ocrx_word' id='word_1_335' title='bbox 540 4377 658 4435; x_wconf 89' lang='lat' dir='ltr'><strong>nomine</strong></span> <span class='ocrx_word' id='word_1_336' title='bbox 688 4376 768 4434; x_wconf 87' lang='lat' dir='ltr'><strong>haud</strong></span> <span class='ocrx_word' id='word_1_337' title='bbox 791 4377 868 4435; x_wconf 90' lang='lat' dir='ltr'><strong>male</strong></span> <span class='ocrx_word' id='word_1_338' title='bbox 891 4377 1084 4454; x_wconf 86' lang='lat' dir='ltr'><strong>inlustratur;</strong></span> <span class='ocrx_word' id='word_1_339' title='bbox 1113 4375 1201 4434; x_wconf 87' lang='lat' dir='ltr'><strong>multi</strong></span> <span class='ocrx_word' id='word_1_340' title='bbox 1230 4373 1309 4433; x_wconf 88' lang='lat' dir='ltr'><strong>enim</strong></span> 
     </span>
     <span class='ocr_line' id='line_1_43' title="bbox 133 4464 1016 4542; baseline -0.003 -15"><span class='ocrx_word' id='word_1_341' title='bbox 133 4467 217 4527; x_wconf 85' lang='lat' dir='ltr'><strong>servi</strong></span> <span class='ocrx_word' id='word_1_342' title='bbox 231 4464 442 4527; x_wconf 83' lang='lat' dir='ltr'><strong>Narbonenses</strong></span> <span class='ocrx_word' id='word_1_343' title='bbox 456 4467 552 4542; x_wconf 89' lang='lat' dir='ltr'><strong>primo</strong></span> <span class='ocrx_word' id='word_1_344' title='bbox 565 4486 594 4542; x_wconf 93' lang='lat' dir='ltr'><strong>p.</strong></span> <span class='ocrx_word' id='word_1_345' title='bbox 610 4464 641 4524; x_wconf 83' lang='grc' dir='ltr'><strong>Ο.</strong></span> <span class='ocrx_word' id='word_1_346' title='bbox 657 4466 775 4527; x_wconf 90' lang='lat' dir='ltr'><strong>saeculo</strong></span> <span class='ocrx_word' id='word_1_347' title='bbox 790 4485 825 4524; x_wconf 89' lang='lat' dir='ltr'><strong>co</strong></span> <span class='ocrx_word' id='word_1_348' title='bbox 845 4466 1016 4526; x_wconf 86' lang='lat' dir='ltr'><strong>utebantur.</strong></span> 
     </span>
    </p>
   </div>
   <div class='ocr_carea' id='block_1_14' title="bbox 0 0 1548 4886">
    <p class='ocr_par' dir='ltr' id='par_1_17' title="bbox 0 0 1548 4886">
     <span class='ocr_line' id='line_1_44' title="bbox 0 0 1548 4886; baseline 0 0"><span class='ocrx_word' id='word_1_349' title='bbox 0 0 1548 4886; x_wconf 95' lang='lat' dir='ltr'><strong> </strong></span> 
     </span>
    </p>
   </div>
  </div>
 </body>
</html>
