3088 4886
332 254 454 310 Nomina
472 255 585 326 propria
603 255 694 311 latina
711 253 830 312 oriunda
847 272 865 310 a
882 253 1040 326 participiis
1058 255 1184 326 perfecti.
1276 255 1340 320 805

169 419 263 505 nem),
281 423 437 484 Mellutius
457 416 538 505 (VI),
559 425 728 484 Melminius
741 417 814 504 (V),
834 425 982 484 Mulsulus
999 416 1069 506 (VI,
1084 419 1153 504 III),
1173 419 1339 506 Mulso(‘?);

170 515 293 590 propius
312 513 350 572 ad
369 515 463 588 ipsam
483 514 581 572 mellis
601 515 703 573 vocem
722 513 836 574 aceedit
854 513 884 572 id
902 509 1103 588 participium,
1122 533 1140 572 a
1160 535 1217 591 quo
1231 533 1339 575 nomen

169 603 307 662 Melsonii
322 598 383 680 (IX,
399 593 440 682 X)
456 606 554 662 ortum
570 605 626 677 est,
641 603 736 662 mulso
751 602 945 663 simillimum.
973 603 1063 666 mulsi
1077 603 1228 679 antiquior
1242 605 1338 662 forma

168 691 230 750 fuit
243 693 358 750 multus
375 685 485 769 (Plaut.
497 692 577 750 Trin.
590 693 655 752 820
666 684 904 767 ‘multipctcnti',
919 691 986 750 vide
1002 692 1140 752 Buechel.
1155 711 1230 751 mus.
1245 693 1338 751 Rhcn.

168 780 228 838 vol.
244 782 285 840 45
305 801 333 856 p.
350 777 436 858 160),
459 781 539 839 unde
562 782 653 840 ducta
676 783 746 840 sunt
764 780 885 840 nomina
904 780 1027 840 Multius
1047 771 1077 860 (P
1096 773 1154 858 II),
1178 781 1337 846 Multasius

169 861 236 946 (VI,
250 869 301 944 IX,
314 861 365 952 X),
381 869 538 929 Multillius
554 861 620 950 (X),
634 869 782 928 Multilius
796 859 894 950 (XII),
908 869 1062 928 Multelius
1074 859 1125 950 (V,
1136 864 1223 949 xil),
1238 870 1339 930 confer

167 976 276 1017 nomen
292 957 391 1019 Saltii.

257 1047 399 1124 Mellitus,
413 1047 648 1106 humillimorum
664 1047 817 1106 hominum
828 1065 1001 1122 cognomen,
1015 1065 1116 1106 rarum
1127 1047 1185 1106 fuit
1194 1047 1225 1104 in
1234 1048 1336 1116 liclia,

168 1136 243 1194 satis
267 1136 407 1214 frequens
431 1135 462 1194 in
481 1135 605 1209 Africm·
628 1127 729 1211 pauca
746 1136 882 1212 exempla
900 1135 931 1194 in
949 1136 1074 1209 Illyrico
1092 1135 1284 1213 prodierunt,
1307 1137 1338 1194 in

168 1223 284 1301 Gallia,
307 1226 339 1284 in
356 1225 442 1284 Asin.
484 1225 515 1282 in
538 1244 627 1284 usum
649 1225 767 1285 videtur
790 1227 943 1300 receptum
967 1243 1031 1284 esse
1056 1225 1173 1284 saeculo
1199 1225 1337 1304 secundo,

166 1313 305 1373 floruisse
322 1315 426 1390 terti03
450 1315 605 1374 christiani
625 1331 741 1390 quoque
760 1314 896 1373 nonnulli
915 1331 949 1372 eo
969 1313 1067 1372 ornati
1086 1316 1167 1372 sunt.
1204 1313 1336 1372 mulieri·

166 1403 235 1479 bus,
254 1407 290 1462 ut
307 1422 363 1478 per
382 1409 441 1475 est,
461 1405 580 1479 saepius
599 1403 823 1480 imponebatur,
841 1421 931 1486 qiram
949 1401 1030 1461 viris.

254 1510 347 1567 prope
366 1491 534 1565 Aquileiam
553 1491 581 1548 V
595 1488 711 1570 †1583
730 1491 838 1550 Haelia
858 1495 888 1550 et
906 1491 1031 1550 Mellita.

251 1578 379 1654 Aquinei
395 1579 444 1639 ΙΙΙ
459 1582 544 1640 3538
563 1581 603 1640 M.
618 1580 759 1640 Aurelius
778 1579 912 1640 MeMitus
927 1579 1070 1639 librarius
1084 1580 1143 1658 leg.
1158 1581 1215 1656 leg.
1230 1580 1262 1640 II
1276 1581 1334 1640 adi.

250 1669 282 1728 in
295 1671 397 1744 Mpsr'u
412 1669 555 1729 1117095
572 1661 629 1748 (τε
641 1661 720 1750 401)
736 1667 767 1729 Ο.
779 1669 869 1728 Silius
885 1668 1028 1746 Mellitos,
1042 1687 1163 1746 graece:
1185 1666 1213 1730 Γ.
1229 1665 1336 1730 {tuor
1386 1730 1401 1747 f

474 1755 659 1818 Μελλεῖτοε.

253 1847 391 1921 rnuuuue
405 1846 481 1906 VIII
492 1849 576 1906 1523
593 1848 625 1906 L.
639 1847 735 1906 Iulius
749 1846 834 1906 Felix
848 1845 1024 1922 Cupitianus
1039 1846 1182 1925 Mellitos,
1197 1865 1273 1907 saec.
1282 1847 1336 1907 III.

251 1933 339 2010 Sipus
357 1935 434 1994 VIII
449 1937 536 1995 5812
555 1936 588 1995 Ρ.
604 1935 762 1996 Marcellus
781 1935 813 1994 P.
833 1937 851 1995 f.
868 1935 901 2005 Q.
916 1934 1041 2004 Quietus
1060 1935 1202 1996 Mellitus.

253 2025 329 2084 adde
348 2026 394 2084 his
408 2025 557 2084 Mellitum
576 2025 713 2102 figulum,
732 2025 815 2084 ouius
834 2043 944 2101 nomep
960 2025 1115 2084 inventum
1138 2027 1185 2084 est
1198 2025 1230 2082 in
1243 2023 1336 2098 Aqui·

165 2117 249 2174 iunia
267 2107 443 2192 (Schuerm,
464 2113 535 2190 Sigl.
549 2114 631 2189 ligul.
647 2134 676 2189 p.
693 2115 756 2174 174
771 2133 799 2173 n.
815 2109 924 2192 3507).
952 2115 989 2172 de
1007 2113 1123 2174 Mellito
1142 2114 1249 2174 Isidori
1268 2115 1335 2174 vide

162 2201 302 2262 Teuffelii
319 2201 390 2263 hist.
409 2204 469 2263 litt.
488 2196 576 2261 rom.⁵
595 2225 623 2278 p.
641 2205 735 2263 1293.

677 2374 823 2439 Menatus
854 2335 859 2343 ¹

251 2487 308 2545 hoo
326 2507 434 2546 nomen
452 2487 582 2547 tortasse
600 2487 835 2563 intellegendum
853 2491 901 2547 est
917 2489 948 2546 in
963 2488 1164 2565 aequipondio
1181 2488 1337 2548 Viennensi

162 2577 222 2636 XII
238 2579 365 2652 5688,5.

251 2666 353 2725 confer
371 2663 527 2724 Menatios.

669 2765 828 2830 Mercatus

254 2878 378 2937 Mercati
400 2897 508 2938 nomen
533 2897 649 2938 servom
669 2878 830 2955 significat3
854 2885 1020 2939 mercatum
1040 2882 1154 2940 cultum
1174 2881 1245 2941 dicit
1263 2882 1335 2941 Pro·

162 2971 284 3115 peltuiir
296 2967 656 3133 {sitivi-Byzacencl'ffl
673 3059 779 3117 12076
800 3056 970 3126 eulodius
989 3057 1148 3118 Mercatus.

252 3145 321 3205 hino
331 3148 398 3205 orta
408 3147 479 3205 sunt
488 3145 1021 3219 Mercatius,MercatillaMercatilia,
1032 3151 1109 3223 quac
1118 3149 1193 3208 vide.
1208 3153 1336 3224 cognata

164 3237 236 3293 sunt
254 3234 375 3293 nomina
393 3233 567 3294 Mercatoris
583 3225 635 3316 (V,
652 3235 724 3308 XII,
742 3228 815 3315 VH)
835 3239 865 3294 et
883 3235 1054 3294 Mercatorii
1073 3228 1210 3317 (CRM).

681 3406 816 3472 Meritus

252 3519 412 3578 Lumbucsi
430 3517 505 3577 VIII
521 3520 604 3579 3851
626 3518 757 3578 Lloinius
776 3520 913 3579 Meritus.

253 3609 403 3666 memento
422 3607 520 3666 laudis
539 3608 570 3665 in
588 3609 686 3667 titulis
703 3609 887 3682 tritissimae,
906 3630 965 3686 qua
979 3612 1054 3670 bene
1068 3614 1217 3670 merentes
1232 3611 1334 3670 dicun·

161 3703 214 3757 tur
231 3697 356 3776 mortui3
375 3700 537 3774 cognatum
557 3700 603 3758 est
620 3716 728 3757 nomen
746 3699 881 3759 Emeriti.

615 3869 758 3936 Μίνατοε
781 3870 885 3936 Minas

252 3982 397 4055 Minatus,
425 3985 513 4040 vetus
538 3981 716 4042 Samnitium
743 4002 936 4059 praenomen,
964 4003 983 4042 a
1010 3985 1090 4044 mino
1117 3978 1230 4066 (minae
1256 4005 1335 4064 cuce,

163 4071 247 4130 mina
264 4063 408 4151 memma)
424 4070 569 4147 originem
587 4071 698 4130 habere
716 4076 797 4132 recte
815 4075 954 4149 putatur3
974 4073 1159 4132 simillimum
1176 4075 1271 4150 igitur
1290 4080 1336 4134 cst

163 4161 291 4235 Minuto,
310 4159 390 4235 quod
409 4178 573 4236 cognomen
592 4161 630 4222 ab
650 4161 794 4236 ampliore
812 4166 913 4236 etymo
928 4163 1085 4238 principali
1100 4163 1195 4222 minu·
1211 4159 1335 4240 (minuo,

164 4268 232 4309 osce
250 4241 405 4328 menvum)
425 4249 651 4308 declinaverunt
667 4249 800 4323 Romani,
818 4251 849 4308 id
868 4251 946 4326 quod
967 4253 1058 4310 etiam
1072 4253 1103 4310 in
1117 4253 1246 4312 Minusio
1261 4245 1334 4333 (Vl)

163 4339 351 4398 factumest.
380 4357 399 4396 a
416 4338 496 4396 mino
515 4341 615 4397 autem
636 4339 716 4398 dicta
735 4343 805 4398 sunt
825 4340 935 4399 Minius
954 4333 1105 4421 (passim),
1126 4341 1255 4400 Mincius
1270 4333 1334 4422 (V),

163 4427 326 4488 Miuuleius
341 4418 423 4508 (vl),
439 4425 583 4488 Minesius
599 4420 709 4510 (XIV),
724 4428 859 4488 Minicius
874 4421 956 4510 (VI),
970 4429 1117 4490 Minucius
1132 4423 1285 4509 (correpta
1300 4451 1333 4504 u;
