3078 4874
173 279 176 285 -
277 246 399 302 Nomina
416 247 530 318 propria
546 245 638 302 latina
655 245 775 302 oriunda
792 263 810 300 a
827 244 986 318 participiis
1004 245 1130 316 perfecti.
1221 246 1286 310 841

207 434 315 475 nomen
334 415 457 476 Saluiae
481 416 594 476 dictum
618 418 665 476 est
687 435 706 474 a
724 412 892 475 *caluendo
916 419 952 474 ut
974 418 1082 476 acutus
1101 417 1139 476 ab
1158 417 1291 476 acuendo

117 495 171 586 (cf.
190 504 316 566 Plantae
334 525 460 581 gramm.
479 505 549 565 dial.
568 523 626 565 osc.
640 506 737 565 umbr.
752 505 768 565 Ι
785 525 814 582 p.
831 498 925 586 130);
946 505 1098 566 artissima
1114 505 1292 582 cognatione

49 647 51 652 .
75 627 78 633 ·
115 593 307 654 coniunctum
323 599 370 654 eet
385 613 451 654 cum
466 595 568 663 caude,
583 595 783 671 comparanda
798 597 870 653 eunt
884 595 1018 655 salvatus
1029 594 1180 656 Salvetus.
1206 593 1291 654 Sala·

115 687 204 742 octar
215 683 246 741 iu
263 684 366 742 eadem
380 684 502 761 regione
516 687 621 743 natum
635 686 682 743 est
698 675 750 765 (cf.
765 683 848 744 Zvet.
863 683 952 743 inscr.
966 683 1005 742 lt.
1018 683 1070 744 inf.
1086 704 1114 760 p.
1127 676 1192 764 13).
1221 702 1291 743 con-

115 772 197 830 feras
211 773 332 831 nomina
343 772 436 833 Salvii
446 772 609 833 Salvidieni
623 773 661 834 al.
686 772 803 832 Salutia
817 773 950 831 mulieris
965 791 1129 852 cognomen
1138 764 1290 854 (X5409)

116 879 135 918 a
155 861 253 920 salute
272 861 453 921 declinatum
468 865 522 921 est.
554 861 676 920 Solutus
689 865 791 920 autem
807 852 853 941 (C.
868 862 985 922 Annius
1000 861 1032 923 0.
1047 863 1067 922 f.
1082 863 1150 922 Ani.
1166 863 1289 921 Saluius

96 985 99 990 -
114 949 262 1011 Vercellis
281 949 343 1012 mil.
357 951 415 1030 leg.
429 951 517 1010 XXII
535 951 605 1026 pri,
625 949 720 1010 clun
738 946 838 1030 1208)
857 969 963 1011 vereor
979 969 1018 1011 ne
1036 951 1178 1028 gallicum
1198 951 1245 1011 sit.

617 1105 788 1171 salutatus

123 1217 125 1222 ’
205 1217 317 1278 Romae
326 1216 369 1276 VI
381 1220 487 1278 18413
501 1218 625 1278 Flavius
639 1218 795 1278 Salutatus
809 1218 932 1280 Flaviae
946 1217 1159 1296 Pythodoridis
1174 1216 1290 1278 coniux.

638 1372 774 1439 Sanctus

206 1505 315 1545 nomen
332 1485 569 1546 humillimorum
587 1489 619 1545 et
635 1487 912 1547 honestissimorum
929 1485 1091 1563 hominum,
1111 1484 1163 1544 sed
1181 1484 1237 1561 his,
1256 1485 1291 1542 ut

115 1574 246 1648 videtur,
256 1575 355 1634 minus
365 1576 470 1650 aptum
480 1593 570 1650 quam
580 1575 650 1634 illis.
669 1581 774 1634 natum
786 1594 850 1636 esee
860 1575 1031 1652 putaverim
1042 1573 1290 1651 aevoAugusteo,

116 1663 238 1740 saepius
261 1668 362 1723 autem
382 1669 559 1739 usurpatum
578 1667 625 1724 eat
647 1666 773 1724 sacculis
798 1666 927 1725 secundo
946 1665 1110 1741 tertioque,
1134 1682 1188 1723 nec
1208 1665 1291 1723 sexto

115 1755 207 1828 plane
226 1753 403 1813 exoleverat.
441 1751 538 1812 Gallis
557 1754 654 1830 magis
673 1755 792 1814 videtur
810 1753 967 1831 placuisse,
987 1773 1078 1831 quam
1095 1752 1191 1830 Italis,
1214 1752 1290 1828 ideo,

116 1845 152 1901 ut
176 1842 295 1918 opinor,
318 1841 398 1918 quod
421 1842 531 1900 similia
553 1843 700 1902 vocabula
724 1847 755 1902 et
776 1844 850 1919 ipsis
874 1843 1037 1902 familiaria
1060 1843 1185 1900 fuerunt
1207 1832 1291 1922 (vide

116 1930 300 1990 Sanctonum
317 1949 434 2008 nomen,
453 1930 621 1991 Groebcru'a
641 1933 673 1991 iu
692 1933 810 1992 arcan
829 1953 858 2008 p.
873 1930 963 2012 457).
1000 1930 1163 2002 christiani,
1183 1935 1218 1989 ut
1235 1949 1291 2004 par

116 2022 177 2094 cst,
197 2021 254 2080 hoc
272 2039 390 2096 quoque
408 2039 517 2080 nomen
535 2021 664 2080 libenter
681 2025 869 2098 receperunt.
906 2021 1043 2081 derivata
1062 2022 1133 2079 eunt
1152 2017 1290 2078 Sanctius

116 2107 298 2168 Senot-ianus
317 2108 475 2168 Sanctinua
495 2109 666 2172 Sanctiniue
686 2111 855 2170 Sanctulus.

206 2197 333 2257 Sanctae
360 2190 418 2279 (sic
446 2217 482 2257 cx
509 2200 692 2258 correctione
721 2199 930 2277 Hirschfeldii,
958 2199 996 2259 cl.
1020 2216 1195 2274 prosopogr.
1219 2197 1291 2272 imp.

115 2286 201 2346 Rom.
215 2286 263 2346 III
279 2307 309 2362 p.
321 2288 397 2364 1723
417 2287 493 2346 trad.
507 2282 630 2367 Soneio)
649 2307 729 2366 aqua
747 2293 838 2366 atque
855 2288 921 2364 igni
938 2287 1132 2347 interdictum
1151 2291 1197 2346 est
1210 2305 1236 2346 a.
1248 2287 1289 2346 33

115 2376 211 2435 fratre
239 2376 304 2435 eius
328 2373 467 2435 Considio
490 2376 616 2437 Proculo
643 2382 768 2454 propter
795 2377 908 2436 crimen
935 2377 1103 2436 maiestatis
1131 2375 1291 2434 interfecto

115 2455 228 2544 (Tacit
251 2484 319 2523 aun.
344 2457 470 2545 o‚18);
502 2467 549 2525 hic
581 2467 711 2525 fortasse
744 2467 803 2525 fuit
835 2464 991 2525 Considius
1023 2464 1208 2540 praetorius,
1240 2464 1291 2538 qui

115 2573 141 2612 a.
158 2555 199 2613 31
226 2553 423 2630 Pomponium
447 2553 616 2614 Secundum
639 2557 835 2616 accusaverat
857 2552 907 2630 (ci.
926 2553 1135 2630 prosopogr.I
1158 2574 1186 2630 p.
1202 2544 1291 2632 436).

115 2641 275 2702 Claudium
299 2642 442 2702 Sanctum
469 2643 596 2703 militem
626 2644 775 2704 exercitus
800 2642 970 2702 Germanici
997 2644 1089 2702 habes
1116 2640 1197 2718 apud
1223 2641 1291 2701 Tac.

114 2733 187 2793 lust.
201 2732 231 2807 4,
247 2733 298 2792 62.

47 2832 52 2842 “
204 2821 317 2880 Romae
334 2821 379 2879 VI
399 2823 508 2882 15250
527 2822 573 2881 Ti.
590 2821 734 2882 Claudius
753 2822 798 2882 Ti.
814 2822 836 2881 f.
851 2821 932 2892 Quin.
952 2820 1080 2881 Sanctus
1099 2818 1291 2895 Lemnianus.

396 2909 503 2970 Claudi
522 2911 694 2987 Euhelpisti
711 2915 744 2971 et
761 2910 905 2972 Claudiae
924 2910 1014 2970 Actes
1032 2909 1121 2969 filius.

334 2999 378 3058 vl
397 3001 458 3060 631
480 3000 602 3059 Flavi-us
621 3000 749 3060 Sanctus
768 3001 857 3061 homo
876 3001 1044 3075 libertinus,
1063 3017 1089 3058 a.
1108 3001 1180 3058 177.

333 3087 378 3146 VI
400 3091 561 3163 rectula
580 3089 707 3149 Sanctus
726 3108 819 3167 equos
838 3083 890 3169 (cf.
905 3088 980 3148 VIII
996 3080 1130 3168 12508).

205 3177 245 3236 ad
268 3177 402 3236 Rhenum
426 3177 522 3237 clun.
543 3181 605 3238 101
625 3177 657 3239 C.
671 3177 867 3238 Candidinius
886 3177 1014 3238 Sanctus
1033 3178 1110 3255 sign.
1128 3177 1188 3252 leg.
1207 3175 1291 3235 XXX

542 3267 581 3327 U.
593 3287 631 3340 u,
649 3286 675 3327 a.
692 3269 764 3328 185.

211 3356 349 3425 Viennae.
362 3357 473 3416 Buccis.
484 3357 562 3416 andr.
575 3374 617 3430 ep.
629 3375 659 3428 a.
671 3359 755 3416 1407
773 3347 962 3438 S(an)c(t)us
976 3355 1160 3415 christianus
1174 3345 1289 3433 s(an)c-

667 3439 747 3526 (tu)s
765 3448 892 3521 nomine,
911 3435 1092 3527 s(an)c(tn)s
1108 3442 1286 3503 innocentia

667 3527 794 3615 (saeculi
808 3535 852 3593 Vl
871 3535 981 3594 dicitur
999 3525 1090 3613 esse.)

203 3625 237 3682 in
254 3624 411 3684 Pannonia
427 3643 492 3698 cup.
511 3623 659 3684 1114603
684 3625 800 3684 Rutilia
819 3624 897 3684 Ursa
916 3627 948 3683 ct
967 3623 1082 3682 Rutilia
1101 3621 1191 3681 Secta
1209 3613 1290 3701 (sic).

202 3713 235 3773 Iu
259 3713 376 3772 Moesia
397 3715 451 3787 inf.
473 3712 520 3772 ΠΙ
537 3715 674 3785 744919
704 3714 777 3772 Aur.
809 3713 936 3773 Sanctus
968 3712 1055 3771 miles
1083 3713 1141 3790 leg.
1165 3710 1210 3770 XI
1235 3709 1289 3786 CL,

571 3821 598 3860 a.
619 3804 691 3863 155,

204 3891 281 3950 adde
299 3891 368 3951 hoe:
387 3891 539 3950 Minicium
558 3891 701 3950 Sanctum
720 3895 943 3967 procuratorem
961 3891 1042 3967 Aug.
1056 3880 1289 3970 (marmorum‘l)

113 3999 140 4040 a
161 3981 227 4040 132
251 3971 303 4060 (cf.
321 3999 495 4057 prosopogr.
516 3980 548 4038 H
569 4001 598 4057 p.
620 3972 713 4062 380),
742 3981 866 4040 Ateium
894 3980 1037 4040 Sanctum
1060 3983 1210 4039 oratorem
1238 3977 1291 4054 qui

9 4109 10 4136 2
113 4069 218 4130 docuit
236 4069 431 4129 Commodum
449 4059 503 4150 (cf.
522 4071 591 4128 Aeli
609 4069 730 4145 Lampr.
748 4071 802 4129 vit
820 4069 933 4130 Comm.
950 4064 998 4148 1),
1023 4069 1181 4128 Aurelium
1199 4065 1289 4124 Sauc-

113 4162 181 4218 tum
198 4179 228 4218 v.
246 4177 271 4218 c
307 4158 451 4217 maritum
469 4157 586 4218 Plotiae
605 4159 791 4234 Agrippinae
810 4155 881 4239 (sub
901 4159 1053 4218 Antonino
1073 4156 1187 4216 Severi
1194 4156 1230 4230 f.,
1252 4156 1290 4213 ci

9 4287 10 4312 r
113 4246 316 4324 prosopogr.1
329 4267 359 4324 p.
369 4239 459 4329 214),
473 4239 756 4329 C.V(alerium?)V
774 4241 980 4328 alerianumi)
995 4247 1138 4306 Sanctum
1152 4247 1290 4322 quaesto-

9 4313 11 4414 )
113 4357 175 4397 rem
199 4337 372 4413 provinciae
390 4336 545 4413 Baeticae,
568 4341 686 4412 patrem
708 4331 827 4419 151117)
851 4337 952 4397 Sancti
975 4328 1028 4417 (cf.
1046 4353 1222 4412 prosopogr.
1241 4331 1289 4390 111

112 4446 142 4504 p.
157 4422 249 4507 979).
