3088 4886
233 230 299 295 804
739 229 790 286 Gu.
810 230 894 286 Otto:

323 399 397 458 haec
424 398 544 458 nomina
574 401 676 458 utrum
698 399 821 459 Italicae
849 399 972 475 originis
1002 400 1063 458 sint
1089 417 1127 458 an
1151 398 1280 458 Celticae
1307 397 1410 474 poesis

233 487 385 565 dubitare,
413 507 482 546 nam
510 491 564 546 aut
590 506 658 546 cum
680 489 776 548 Mari0
805 489 1010 564 coniungenda
1038 493 1108 548 suut
1136 479 1187 569 (cf.
1211 507 1271 548 osc.
1295 488 1410 564 Maras,

232 577 334 636 Marus
353 595 400 652 ap.
420 577 472 636 Sil.
489 576 544 653 It,
566 577 713 637 Maruleia
730 570 785 660 X),
809 581 863 636 aut
885 597 952 636 cum
975 577 1112 652 Marone,
1136 577 1203 636 vide
1226 575 1410 634 Buecheleri

232 665 395 724 1011111
420 684 491 726 voce
514 685 640 726 maron.
676 667 732 726 hcc
755 671 790 726 ut
811 667 965 726 credamus
990 666 1116 725 suadere
1139 665 1259 725 videtur
1280 667 1408 724 Marcio

233 754 324 814 villae
343 773 466 828 nomen,
484 754 564 830 quod
583 755 683 815 adfert
701 756 852 815 Holderus
869 757 901 814 in
918 754 1061 814 thesauro
1080 755 1202 832 linguae
1219 753 1358 814 Celticae.

750 927 886 994 Maritus

319 1059 427 1100 nomen
445 1041 533 1100 valde
551 1059 661 1100 rarum.

319 1129 430 1188 Romae
445 1129 487 1186 VI
498 1131 605 1189 22176
618 1125 762 1204 Μαρείτα
772 1123 856 1189 ’Acis
867 1126 999 1190 Κυίντου
1008 1125 1170 1203 Μαρείτου
1179 1124 1305 1200 Λόνγου
1316 1147 1401 1188 uxor.

319 1219 464 1277 Muotnoc
477 1218 505 1275 V
516 1221 601 1278 4083
618 1220 657 1278 M.
668 1219 789 1278 Vettius
803 1219 842 1278 M.
858 1220 877 1277 f.
894 1219 1062 1295 Marcellus,
1080 1218 1185 1278 Fulvia
1199 1217 1232 1276 P.
1246 1218 1266 1277 l.
1282 1217 1404 1276 Marita.

318 1305 505 1366 Nicomediae
523 1307 570 1364 III
587 1310 650 1368 330
671 1308 757 1366 Aelia
776 1309 886 1366 Merita
905 1301 1033 1388 (Graece
1053 1302 1143 1367 Αἰλία
1163 1298 1314 1386 Μαρίτα).

318 1395 463 1469 Philippis
481 1397 560 1455 Mac.
580 1395 627 1456 III
646 1397 709 1456 682
733 1397 858 1456 Varinia
876 1397 995 1473 Marita,
1015 1397 1053 1456 M.
1069 1394 1176 1454 Varini
1192 1395 1231 1454 M.
1250 1395 1270 1454 l.
1287 1393 1403 1454 Celeris

643 1505 725 1546 uxor.

322 1573 462 1648 Tropurii
476 1573 523 1631 ΙΙΙ
535 1575 619 1634 2687
635 1573 772 1650 Maritus,
785 1573 818 1633 P.
830 1573 897 1635 Oce.
908 1573 1000 1634 Probi
1015 1577 1046 1634 01
1060 1573 1172 1632 Mariae
1182 1572 1303 1632 Marcel.
1314 1572 1405 1631 filius.

321 1661 466 1721 Carnunti
484 1661 634 1722 1114520
653 1661 791 1732 Quinctia
809 1663 841 1724 P.
860 1663 880 1722 l.
900 1663 1019 1723 Merita.

318 1750 420 1810 confer
439 1751 600 1810 Maritium.

627 1884 630 1891 ·
689 1871 813 1936 Massus
835 1871 942 1936 llasus

318 2001 435 2042 massus
459 1986 506 2042 est
530 1985 581 2060 qui
607 1984 735 2060 mandit,
763 1985 851 2060 quasi
876 1985 1056 2060 manducas,
1084 1983 1252 2044 masucium
1280 1981 1403 2042 edacem

231 2071 345 2130 dictum
369 2090 435 2131 esse
459 2091 476 2131 1
499 2073 666 2133 mandendo
690 2073 776 2132 docet
798 2073 885 2132 Pauli
908 2074 1016 2133 Festus
1039 2093 1068 2149 p.
1086 2075 1147 2134 113
1164 2073 1296 2143 Thewr.,
1325 2091 1401 2149 quae

231 2160 334 2233 glossa
353 2161 472 2220 conlato
487 2161 609 2222 Placido
628 2162 739 2222 rectius
758 2163 887 2222 fortasse
902 2155 1096 2222 ‘massucium
1110 2181 1134 2221 e.
1150 2183 1178 2240 q.
1194 2153 1227 2220 s.'
1244 2160 1403 2244 scribetur.

229 2248 330 2306 Masus
357 2249 449 2326 aliqui
469 2250 595 2309 Masiam
614 2251 766 2310 incohauit
784 2254 912 2327 gentem.
949 2251 1045 2310 multo
1065 2254 1165 2311 autem
1185 2249 1337 2326 antiquius
1356 2255 1402 2308 est

230 2355 393 2413 cognomen
418 2339 564 2398 Messenis
587 2339 686 2400 nobile
711 2341 823 2399 factum
848 2341 878 2398 in
897 2340 1085 2416 Papiriorum
1110 2343 1200 2416 geute
1220 2339 1358 2415 patricia,
1382 2357 1401 2396 a

230 2445 290 2501 quo
309 2427 476 2502 posteriore
496 2432 629 2504 tempore
649 2429 830 2488 declinatum
851 2431 898 2488 est
912 2429 1074 2489 Maeonius.
1107 2430 1159 2489 sed
1178 2429 1214 2488 de
1233 2431 1400 2486 ceterorum

230 2515 532 2576 nominum-eandem
556 2536 628 2594 prae
652 2536 683 2576 se
708 2519 868 2578 ferentium
888 2519 1015 2596 speciem
1035 2517 1170 2595 quaestio
1190 2517 1286 2577 oritur
1303 2515 1401 2591 impli-

230 2604 392 2677 catissima,
411 2605 552 2682 quoniam
570 2609 686 2682 partem
704 2611 784 2666 certe
800 2605 916 2666 Gallica
933 2609 1037 2683 lingua
1056 2607 1112 2666 sibi
1130 2607 1271 2679 vindicat,
1291 2606 1400 2682 quade

231 2711 263 2750 re
283 2694 483 2754 consulendus
502 2699 549 2754 est
567 2695 691 2754 Holderi
709 2697 883 2771 thesaurus,
907 2699 1023 2771 partem
1048 2696 1107 2754 alio
1132 2696 1313 2773 prognatam
1335 2712 1399 2753 esse

230 2800 339 2855 genere
363 2783 497 2857 adparet.
533 2787 623 2859 atque
646 2784 742 2860 ipsum
764 2785 913 2843 Masucius
934 2775 1005 2866 (Vl,
1023 2777 1110 2864 XII),
1134 2785 1212 2842 unde
1234 2786 1281 2842 est
1300 2783 1398 2841 Masu-

229 2868 332 2928 conius
350 2862 462 2952 (XIII),
481 2872 568 2931 valde
588 2871 692 2931 dubito
711 2891 750 2930 an
768 2873 896 2930 latinum
915 2891 974 2931 non
994 2875 1047 2950 sit,
1064 2873 1214 2931 Masurius
1234 2875 1335 2930 autem
1354 2865 1400 2948 (et

228 2957 359 3017 fortasse
383 2959 475 3017 etiam
498 2953 688 3042 Masu(v)ius)
716 2963 840 3037 propter
867 2965 1035 3037 correptam
1062 2964 1089 3019 A
1113 2961 1291 3020 excluditur.
1332 2978 1400 3036 per·

227 3065 323 3122 pensa
342 3051 444 3106 autem
462 3068 494 3106 re
513 3049 624 3108 latinae
642 3051 765 3126 linguae
784 3051 981 3110 adserendum
1000 3055 1074 3128 puto
1092 3069 1201 3110 nomen
1219 3049 1348 3109 Masinii.

316 3135 419 3196 Uarini
437 3136 464 3194 X
480 3139 565 3197 5195
585 3139 625 3198 M.
639 3138 764 3198 Larcius
783 3139 908 3200 Maseus.

314 3225 404 3284 Boiis
421 3225 449 3284 X
465 3227 549 3298 2599
570 3227 648 3286 Iulia
667 3229 760 3287 Masa.

315 3313 347 3372 in
365 3312 473 3388 Africo
492 3315 565 3374 VIII
582 3319 666 3376 2163
688 3315 813 3376 Gurtiue
832 3317 942 3377 Masus.
973 3361 977 3372 .

489 3404 565 3463 VIII
580 3407 666 3465 9845
687 3407 760 3466 Aur.
773 3405 885 3465 Masue.

315 3491 400 3550 Masa
422 3509 529 3552 nomen
553 3493 639 3552 virile
667 3493 816 3553 Gallicum
840 3485 1398 3575 001(8011101·111.8111.18113974).

739 3665 884 3731 Mellitus

314 3793 372 3834 vox
395 3777 492 3835 mellis
516 3781 548 3836 et
570 3779 717 3838 vocabula
735 3797 802 3838 cum
821 3779 909 3838 melle
929 3782 1057 3856 cognata
1075 3779 1106 3838 in
1126 3779 1279 3840 blanditiis
1298 3782 1397 3839 erant:

225 3863 324 3922 Plaut.
348 3863 439 3926 Poen.
454 3867 516 3926 367
543 3860 652 3926 ‘meum
681 3859 761 3942 mel’,
790 3866 848 3927 Cic.
873 3869 911 3927 ad
935 3869 1105 3945 Δ11.118,
1128 3872 1143 3926 1
1175 3859 1253 3928 ‘curn
1281 3869 1397 3928 mellito

226 3946 389 4026 Cicerone’,
409 3953 506 4013 Plaut.
527 3953 592 4014 Cae.
606 3957 670 4016 372
691 3951 770 4016 ‘mea
788 3949 906 4030 mulsa',
931 3976 989 4034 quo
1007 3955 1120 4015 factum
1140 3959 1200 4030 est,
1224 3961 1259 4015 ut
1277 3957 1398 4016 nomina

227 4040 295 4100 inde
320 4041 399 4100 haud
423 4061 520 4118 pauca
543 4048 714 4119 orerentur,
737 4065 812 4122 quae
836 4045 975 4105 hocloco
994 4047 1188 4121 percensebo,
1211 4049 1317 4122 postea
1335 4046 1397 4104 suis

227 4130 365 4206 quodque
376 4131 448 4190 locis
459 4132 612 4191 exhibebo.
635 4137 814 4192 suntantenr
825 4125 1397 4214 Mallius(IX,XH),Mellarius(VIH),

225 4218 385 4278 Mellonius
404 4211 508 4301 (VIII,
533 4215 657 4299 clas),
681 4223 822 4281 Mellosus
843 4217 917 4303 (duo
936 4222 1068 4297 episcopi
1086 4222 1220 4281 Africani
1238 4241 1314 4281 saec.
1329 4223 1396 4300 VII,

226 4307 293 4366 vide
321 4307 466 4368 Morcellii
495 4309 560 4370 cfr.
590 4303 721 4391 christ),
754 4311 904 4370 Mellinius
931 4303 1035 4391 (XII),
1068 4311 1243 4385 MeIIIgerus
1272 4309 1396 4390 (Murat.

229 4398 323 4470 1329,
336 4391 382 4478 1);
401 4398 627 4475 participIorum
647 4400 816 4474 analogiam
834 4404 976 4458 secuntur
988 4399 1122 4459 Mellitus
1137 4391 1252 4481 (confer
1266 4399 1394 4476 melligi·
