3078 4874
231 215 297 279 864
384 248 388 257 ·
740 212 791 268 eu.
807 213 887 268 Otto:

231 386 384 448 Romanos
409 383 518 442 dixisse
542 387 573 442 et
591 375 794 458 Hispanorum
817 382 923 459 lingua
946 383 1032 442 docet
1051 373 1141 462 (conf.
1160 381 1254 441 Diezii
1272 374 1410 440 lexicon⁴

231 496 259 550 p.
276 466 355 554 520)
380 476 410 532 et
433 474 561 532 fortasse
580 472 694 531 Bellitii
712 491 834 549 nomen,
857 489 1038 548 quamquam
1057 471 1120 530 eius
1139 471 1283 530 memoria
1301 471 1409 529 funda-
1525 451 1526 480 ³

233 564 340 622 mentis
359 561 467 621 nItItur
486 581 544 620 non
563 561 664 620 firmis.
694 562 773 638 quod
792 580 899 634 nomen
918 581 989 618 num
1008 560 1039 618 in
1058 560 1180 620 urbanis
1200 559 1299 620 titulis
1314 559 1410 636 scrip-

233 659 297 711 tum
321 652 360 710 sit
384 650 498 724 nescio,
522 651 592 727 quia
616 669 682 710 sero
706 651 836 709 animum
859 649 950 709 adid
973 649 1095 709 intendi.
1133 650 1184 709 sed
1209 647 1239 709 0.
1264 649 1410 709 Bellitius

234 741 264 801 0.
280 742 299 800 f.
311 741 411 800 Trom.
425 739 629 799 Felicissimus
646 744 693 799 est
710 739 741 798 in
754 740 844 799 titulo
861 739 1039 799 Cloleroeesi
1053 737 1095 797 XI
1108 740 1180 817 685,
1200 739 1284 798 euius
1304 743 1411 798 eneto-

233 831 354 889 ritatem
373 848 444 888 sane
463 848 587 904 parvam
607 830 793 888 Burmannus
814 848 878 889 esse
898 829 982 904 dicit3
1002 827 1034 886 L.
1050 828 1189 888 Bellitius
1209 828 1294 887 Felix
1312 847 1410 904 nepos

234 921 298 978 eius
316 919 488 978 nominatur
506 919 537 976 in
557 919 659 977 eodem
680 918 779 978 titulo.
808 918 935 978 Belitius
955 917 1133 976 Saturninus
1152 917 1265 994 legitur
1278 917 1412 977 Puteolis
1526 941 1527 948 ¹

233 1010 260 1067 X
272 1011 366 1069 2041.
392 1008 443 1067 sed
453 1010 562 1084 potest,
573 1011 607 1066 nt
616 1009 647 1066 in
656 1008 703 1067 his
714 1007 820 1081 titulis,
831 1009 881 1083 qui
892 1008 1054 1084 perierunt,
1064 1007 1157 1066 fuerit
1165 1025 1272 1067 nomen
1281 1006 1413 1067 Bellicii.

707 1174 709 1179 ·
753 1135 887 1200 Boetius
910 1119 913 1125 Δ

325 1232 467 1290 Luceriae
486 1231 528 1288 IX
545 1232 608 1290 876
629 1231 662 1290 Τ.
677 1231 803 1290 Boetius
823 1231 856 1289 Τ.
870 1231 890 1290 l.
906 1231 988 1291 Eros.

325 1321 437 1379 Romae
456 1319 498 1378 VI
515 1322 609 1395 1057,
622 1321 680 1396 7‚5
700 1320 757 1379 Iul.
777 1319 901 1379 Boetius
919 1319 1060 1378 Rusticus
1079 1319 1161 1396 vigil.

323 1410 355 1466 in
372 1427 450 1468 nono
470 1410 602 1484 corporis
616 1409 843 1484 inscriptionum
859 1409 1009 1468 volumine
1023 1408 1174 1468 iuvenitur
1187 1409 1300 1468 Bootes
1314 1400 1412 1488 (conf.

235 1498 411 1574 Bovianum,
430 1489 589 1581 Bovillas),
608 1518 697 1574 quem
716 1499 754 1557 ob
774 1517 836 1556 rem
855 1498 885 1556 in
905 1498 1023 1557 nomine
1038 1497 1138 1555 Boatii
1156 1497 1235 1556 inter
1248 1497 1413 1557 litterasO
1528 1483 1529 1510 ³

236 1589 304 1646 etA
319 1605 377 1646 van
391 1585 512 1647 videtur
527 1587 637 1646 extrIta
651 1605 716 1647 esse
726 1581 817 1666 (cons.
828 1585 976 1646 Solmseni
988 1586 1066 1646 stud.
1077 1585 1104 1662 p.
1118 1579 1206 1668 145).
1234 1605 1414 1663 comparan-

235 1677 305 1736 dum
325 1680 372 1735 est
389 1695 496 1736 nomeu
515 1675 652 1736 Poroatii.

738 1740 905 1807 BonlteIus

324 1837 443 1896 Bonitei
457 1837 643 1913 gentilicium
658 1856 677 1896 a
690 1837 800 1896 Bonito
812 1837 931 1898 videtur
946 1837 1128 1897 declinatum
1142 1855 1222 1913 esse;
1243 1837 1294 1896 sed
1308 1839 1416 1914 potest
1529 1843 1530 1898 ἰ

236 1927 341 2002 etiam,
368 1931 403 1984 ut
430 1925 593 1985 aBonitto
618 1926 737 1986 nomine
765 1926 947 1986 deminutive
974 1926 1092 1986 abono
1115 1928 1212 1988 tracto
1236 1925 1337 1986 ortum
1363 1927 1415 1988 sit.

236 2015 269 2074 L.
283 2015 440 2074 Boniteius
459 2015 544 2074 Felix
564 2018 609 2074 est
627 2016 659 2073 in
677 2015 766 2074 tilulo
785 2013 930 2090 Africano
949 2015 1024 2075 VIII
1040 2017 1136 2076 1367.

741 2141 904 2208 Bulletlns

326 2257 344 2296 a
371 2239 468 2313 bulla,
495 2238 694 2312 ingenuorum
722 2257 883 2314 puerorum
911 2237 1037 2314 insigni,
1064 2238 1217 2314 gentilicia
1245 2239 1313 2296 orta
1340 2243 1416 2297 sunt
1530 2227 1531 2256 ³

241 2329 348 2395 Bollii,
366 2329 500 2386 Belloeii
518 2319 614 2408 (XII),
632 2327 769 2386 Belloeii
787 2319 852 2409 (X),
872 2328 1003 2387 Belteeii
1022 2319 1107 2409 (111).
1138 2325 1292 2386 Bellatum
1311 2328 1415 2386 inveni

236 2417 367 2492 nullum3
389 2416 440 2474 sed
458 2416 583 2475 Bullatii
603 2416 788 2493 gentilicium
808 2408 883 2498 (una
897 2417 921 2474 L
937 2416 1082 2492 scripturn
1101 2417 1132 2474 in
1146 2415 1189 2476 VI
1202 2407 1312 2497 6180),
1331 2418 1414 2492 quod

236 2507 373 2564 novimus
395 2524 430 2564 ex
445 2505 553 2564 Horati
568 2505 653 2582 epist.
670 2505 685 2563 I
702 2507 752 2582 11,
771 2507 844 2564 setis
864 2506 1018 2582 antiquom
1039 2508 1097 2580 est3
1117 2505 1309 2580 praenomine
1332 2505 1414 2564 enim

238 2596 402 2654 utebantur
428 2593 579 2653 Bullatiee
606 2595 759 2670 mulieres,
790 2614 918 2670 quarum
945 2595 1067 2654 nomina
1093 2595 1237 2672 leguntur
1263 2595 1294 2652 in
1319 2595 1415 2654 titulo
1531 2609 1532 2634 ³

228 2687 348 2744 -erbeeo
363 2684 407 2742 VI
423 2685 539 2743 13661.
570 2687 727 2760 praeterea
748 2685 860 2742 saeculi
874 2705 901 2760 p.
918 2683 948 2743 0.
970 2685 1058 2760 primi
1077 2683 1213 2760 exempla
1227 2683 1416 2743 columbaria

237 2774 353 2832 urbana
372 2773 519 2832 dederunt
539 2773 612 2832 duo:
631 2771 896 2834 V1'5221.6180.
935 2773 999 2832 Sex.
1014 2773 1167 2832 Bullatius
1187 2773 1297 2832 Paetus
1317 2775 1361 2832 est
1382 2774 1416 2832 in

237 2863 327 2922 tilulo
345 2862 459 2921 urbano
474 2860 519 2919 VI
531 2864 646 2922 13660.
670 2861 836 2937 posteriore
850 2865 985 2938 tempore
1000 2862 1075 2921 vixit
1089 2862 1242 2921 Bullatius
1258 2862 1417 2940 Paulinus

237 2951 373 3027 plebeius
395 2950 526 3025 corporis
545 2951 665 3009 fabrum
680 2950 833 3009 navalium
850 2949 989 3010 Ostiensis
1003 2950 1073 3009 XIV
1086 2953 1243 3028 esame.
1269 2951 1417 3026 exemplis

238 3039 352 3098 Italicis
380 3058 475 3114 penca
499 3041 645 3098 accedunt
667 3037 834 3113 Africano;
861 3039 893 3098 in
920 3040 1073 3115 provincia
1100 3041 1306 3115 proconsulari
1334 3041 1417 3100 enim

238 3128 350 3204 prodiit
370 3129 447 3204 lapis
466 3126 542 3186 VIII
559 3130 676 3204 12445,
695 3128 742 3187 cni
761 3129 937 3206 inscriptum
958 3133 1003 3189 est
1021 3148 1130 3188 nomen
1150 3128 1181 3188 0.
1200 3129 1315 3188 Bulleti
1333 3129 1416 3188 Feli-

239 3218 293 3294 cis3
313 3217 507 3276 Mauretanns
528 3218 635 3277 titulus
654 3217 728 3276 VIII
745 3220 831 3278 9004
849 3218 975 3293 praebet
992 3217 1159 3278 Bullatium
1179 3218 1353 3278 Secundam.

268 3385 272 3393 .
329 3307 432 3366 confer
446 3305 605 3368 Scaevolae
618 3327 737 3384 nomen,
752 3308 837 3366 onius
853 3309 936 3384 origo
952 3307 1076 3367 discitur
1092 3327 1127 3368 ex
1138 3308 1225 3369 Verr.
1235 3309 1255 3368 l.
1265 3307 1350 3366 l.VII
1361 3311 1417 3369 97.

706 3431 946 3490 Bullatienns

265 3489 275 3512 ι’
329 3522 384 3580 hoc
399 3520 573 3598 cognomine
588 3521 708 3581 videtur
722 3521 876 3596 praeditus
891 3520 985 3580 fuisse
1000 3519 1030 3580 0.
1045 3520 1149 3600 Iulius,
1169 3541 1259 3598 quem
1272 3521 1365 3582 habes
1380 3521 1418 3582 in

240 3610 332 3669 titulo
344 3608 489 3684 Africano
499 3609 576 3669 VIII
587 3611 703 3670 18610.
755 3675 903 3740 cacanus

330 3768 440 3829 Cacum
456 3789 648 3847 sororemque
663 3770 727 3829 eius
743 3768 851 3830 Caeam
865 3771 1082 3847 antiquissimis
1097 3771 1284 3848 temporibus
1298 3772 1330 3830 in
1345 3771 1416 3832 deo-

240 3880 306 3919 rum
331 3879 454 3918 numero
476 3877 540 3918 esse
560 3860 655 3919 cultos
675 3860 736 3918 iem
756 3861 806 3918 diu
825 3861 1012 3920 intellectum
1032 3863 1086 3920 est.
1124 3862 1215 3920 etiam
1235 3861 1356 3920 nomina
1374 3862 1416 3921 ab

242 3951 284 4010 eis
309 3949 436 4008 traxisse
460 3949 595 4007 homines
614 3949 717 4007 multis
737 3949 877 4009 docemur
895 3949 1149 4025 inscriptionibus.
1188 3949 1316 4010 Ooeilioe
1334 3951 1417 4010 enim

241 4058 348 4099 nomen
373 4031 500 4118 (Uecillo
523 4038 684 4116 legendum
712 4043 814 4098 censet
839 4030 1035 4120 Garruccius)
1063 4039 1215 4101 invenitur
1237 4039 1317 4100 inter
1338 4039 1416 4100 ollas

241 4129 328 4188 valde
348 4127 487 4203 antiquas
503 4126 546 4185 VI
562 4129 662 4203 8222;
683 4127 794 4196 Cucios,
815 4127 949 4196 Uecilios,
970 4128 1110 4188 Oeeorios
1129 4129 1272 4188 hebemus
1292 4129 1323 4188 in
1339 4129 1416 4188 titu-

242 4219 280 4278 lis
294 4219 418 4276 erboois
431 4215 475 4274 VI
488 4217 759 4279 13682-13687.
782 4217 878 4277 Ostiae
889 4218 971 4277 ecel·
983 4218 1169 4292 gentilicium
1186 4218 1258 4277 satis
1272 4218 1415 4296 frequens

241 4307 300 4365 fuit
316 4299 402 4382 (XIV
417 4307 481 4367 308
498 4302 640 4384 [Oenius]
656 4309 728 4366 413.
746 4309 929 4368 700-706.
944 4301 1137 4386 7771020).
1168 4307 1205 4366 Μ.
1221 4306 1327 4367 Oscius
1342 4305 1374 4366 O.
1393 4309 1416 4367 f.

242 4394 340 4455 (lerna
357 4394 444 4473 IIvir,
463 4395 532 4456 trib.
552 4395 623 4474 mil,
647 4397 740 4474 praef.
760 4397 835 4455 fabr.
856 4397 951 4455 estin
970 4397 1060 4456 tilulo
1078 4396 1257 4459 Sinuessano
1275 4397 1302 4456 X
1317 4398 1416 4459 4736.
