3078 4874
295 222 419 281 Nomina
435 224 549 296 propria
563 223 654 280 latine
671 224 789 282 oriunda
807 243 824 282 a
841 225 999 298 participiis
1018 226 1144 298 perfecti.
1236 228 1300 293 847

643 388 797 455 stabilita

220 520 328 561 nomen
348 502 456 561 aetatis
475 520 535 562 non
554 503 694 578 optimae.

220 591 332 650 Romae
346 590 391 650 VI
405 593 512 651 20689
532 591 612 651 Iulia
630 591 771 650 stabilite
790 590 911 651 Cassiae
930 593 1065 652 Donatae
1084 592 1153 652 filie.

349 680 393 739 VI
408 682 513 740 16021
548 679 682 740 Caminia
715 680 846 740 Steblite
866 674 937 760 (sic)
972 679 1089 741 Comini
1123 681 1299 741 Atimetiani

405 774 539 844 petrona.
580 761 638 851 (sic
661 787 679 828 a
701 770 793 830 verbo
817 773 944 847 cognato
967 771 1139 831 stablaritnn
1163 770 1298 849 Romani,

405 861 554 930 startarcm
573 858 678 917 Umbri
697 851 860 941 dixerunt.)

220 945 374 1007 Cramentc'
395 947 423 1005 X
442 948 505 1006 263
534 947 644 1118 Pagina
659 939 730 1029 (sic)
755 947 906 1008 Stabilita.
953 945 1074 1028 (titulus
1102 949 1299 1026 neglegenter

444 1036 580 1112 scriptus.

394 1125 422 1184 X
442 1126 506 1184 270
525 1119 680 1185 ‘Stabilita
697 1126 787 1185 matri
804 1127 986 1186 benemereti
1005 1127 1078 1187 feeit
1090 1125 1220 1206 Agiloni,
1239 1148 1298 1206 que

444 1209 640 1274 visitanti?

217 1305 317 1362 confer
339 1304 461 1363 nomina
484 1322 561 1381 quae
586 1307 657 1364 sunt
680 1304 802 1364 Stabilis
827 1303 956 1364 Stabilia
983 1303 1108 1364 Stabilio
1138 1305 1298 1384 Stabiiius3

122 1394 173 1452 his
202 1392 317 1468 origine
345 1412 405 1452 non
432 1393 530 1452 aliena
553 1398 624 1452 sunt
643 1393 796 1452 Statonius
820 1384 937 1475 (confer
960 1413 1062 1453 oscum
1085 1395 1251 1466 Siafianam
1277 1397 1297 1455 i.

123 1473 326 1563 Stabianum),
345 1481 467 1540 Stabiae
482 1482 583 1558 oppidi
598 1501 714 1561 nomen,
729 1482 860 1557 6444444,
875 1482 1039 1557 Staberius,
1055 1483 1214 1561 Stabirius,
1230 1484 1296 1544 Sta-

122 1561 306 1653 b(u)larius,
325 1569 465 1643 Stabulo,
486 1570 666 1630 Istablieius.

216 1659 448 1736 comperandum
467 1664 514 1719 est
533 1659 671 1720 Stetutus
691 1661 730 1720 al.

659 1795 770 1862 status

214 1918 378 1977 cognomen
402 1900 601 1973 rarissimum,
630 1904 790 1977 cognatum
814 1919 881 1959 oum
906 1899 1034 1977 Steatio;
1064 1901 1116 1960 sed
1138 1901 1295 1976 nescimus,

120 1992 228 2049 utrum
252 1989 398 2065 producta
420 1988 513 2048 fuerit
537 1988 564 2046 A
588 2007 627 2048 an
650 1993 797 2065 correpta.
835 1994 934 2049 ortum
953 1991 1072 2050 videtur
1091 2009 1156 2050 esse
1175 1991 1293 2050 saeculo

123 2077 239 2138 Christi
257 2078 362 2154 primo.

213 2169 326 2228 Romae
344 2167 388 2226 VI
405 2169 552 2242 200‚2‚72
575 2167 609 2227 A.
624 2167 764 2228 Plautius
784 2167 902 2244 Status,
921 2187 946 2228 4.
964 2170 1014 2228 70.

213 2256 331 2316 Salonis
348 2256 497 2316 1112070
517 2255 629 2317 Status.

218 2345 363 2406 Carnunti
381 2345 428 2405 ΠΙ
442 2347 528 2405 4446
549 2346 641 2406 State.

636 2484 785 2550 Stetutus

211 2597 267 2656 hoc
287 2615 395 2656 nomen
414 2596 566 2655 invenitur
584 2596 615 2654 in
632 2597 739 2663 Italia,
763 2597 890 2655 maxime
909 2597 1034 2664 Romae,
1056 2598 1088 2656 in
1109 2596 1211 2657 aaran
1230 2597 1294 2658 Cis·

121 2688 240 2761 anina,
263 2687 295 2744 in
315 2684 417 2746 Callia
434 2686 633 2754 Narbonensi,
657 2686 695 2744 ed
713 2686 860 2753 Rhenum,
880 2685 911 2744 in
929 2687 952 2744 1
954 2687 1067 2758 itariae,
1085 2687 1116 2744 in
1135 2687 1295 2760 Hispania.

120 2778 222 2837 ortum
247 2775 368 2835 videtur
396 2794 460 2834 esse
484 2778 585 2834 aetate
606 2773 794 2847 Caesariana,
814 2779 994 2848 usurpatum
1023 2777 1070 2833 est
1094 2793 1112 2832 4
1135 2775 1229 2835 servis
1252 2777 1295 2835 in-

120 2865 289 2941 genuisque
303 2864 471 2924 humillimo
490 2864 555 2923 loco
574 2865 654 2923 natis
673 2865 735 2923 fere
753 2883 849 2940 usque
870 2863 909 2922 ad
928 2863 1080 2922 saeculum
1094 2865 1216 2923 tertium
1232 2881 1326 2950 men„

121 2955 213 3013 dium.
251 2971 358 3012 nomen
382 2954 567 3031 gentilicium
592 2953 671 3030 quod
696 2957 741 3012 est
763 2951 906 3012 Statntins
929 2951 988 3010 iem
1012 2954 1170 3029 Augustae
1194 2958 1293 3013 aetate
1414 2935 1431 2990 t

120 3043 190 3102 hino
219 3043 400 3102 declinatum
429 3046 484 3102 est.
529 3042 714 3102 Statntianne
743 3043 927 3101 saeculorum
955 3045 1002 3101 est
1030 3041 1144 3101 Christi
1171 3043 1294 3102 secundi

120 3136 152 3192 et
170 3132 261 3192 tertii.

211 3220 377 3280 RornaeVI
387 3223 472 3281 4973
488 3221 527 3281 Μ.
537 3221 641 3280 Livius
656 3219 795 3280 Statntue
810 3210 857 3300 (in
871 3219 1063 3297 columbario,
1078 3220 1157 3296 quod
1172 3220 1293 3280 Tiberio

297 3367 300 3372 .
336 3313 367 3370 et
386 3309 512 3369 Claudio
530 3310 747 3387 imperantibus
766 3308 798 3366 in
816 3327 873 3367 usu
891 3299 973 3390 fuit).

210 3399 241 3458 in
262 3398 364 3460 aaran
383 3399 535 3473 Cisalpina
555 3399 581 3456 V
597 3401 685 3460 5050
704 3397 862 3458 Camurius
882 3396 1035 3474 64444444,
1054 3416 1080 3459 a.
1095 3399 1148 3458 46.

210 3489 249 3548 ed
267 3490 401 3549 Rhenum
420 3487 513 3548 CIRh.
531 3490 615 3549 1237
642 3488 754 3564 Togius
779 3487 918 3546 Statutus
942 3487 1028 3545 miles
1052 3487 1168 3546 numeri
1192 3488 1292 3562 explo-

526 3581 660 3636 ratorum
679 3576 871 3636 Divitiesium
891 3576 1172 3635 Antoninianorum.

211 3662 377 3729 ‘recalvom
401 3685 435 3726 ao
462 3666 590 3726 silenum
619 3685 734 3743 senem,
758 3669 921 3740 statutum,
941 3659 1143 3725 ventriosum'
1166 3664 1293 3724 Plautus

117 3757 284 3820 1444317.
322 3757 425 3816 confer
443 3755 605 3815 Statorem,

633 3856 782 3922 structus

116 3987 118 3992 ·
209 3981 374 4038 cognomen
397 3961 494 4039 gentis
517 3959 672 4038 Serviliae,
694 3979 753 4036 qno
777 3960 892 4036 primns
914 3959 1035 4020 videtur
1054 3960 1208 4036 praeditus
1228 3979 1293 4020 4444

120 4053 153 4112 P.
169 4051 316 4112 Servilius
336 4051 368 4109 P.
388 4051 408 4109 f.
427 4049 548 4110 Priscus
564 4049 710 4124 84444444,
729 4050 782 4126 qui
800 4050 904 4108 consul
921 4049 980 4108 fuit
999 4069 1025 4109 a.
1044 4071 1073 4108 u.
1089 4052 1162 4128 259,
1177 4052 1293 4124 postre-

119 4159 187 4201 mus
211 4139 242 4200 C.
265 4139 410 4200 Servilius
433 4138 466 4198 P.
486 4140 505 4199 f.
526 4139 559 4209 Q.
583 4160 611 4198 n.
636 4137 774 4198 Strnotns
798 4138 991 4198 Ahalatrib.
1014 4138 1076 4198 mil.
1099 4157 1158 4198 444.
1182 4143 1243 4213 pot.
1267 4158 1293 4197 a.

120 4252 148 4290 u.
165 4231 229 4291 346
251 4219 334 4312 (vide
352 4219 471 4309 444444).
508 4228 683 4304 posterioris
706 4232 807 4286 autem
832 4229 940 4288 aetatis
963 4228 1144 4304 exemplum,
1168 4227 1194 4286 si
1212 4231 1294 4286 reeta

120 4325 166 4380 est
177 4318 335 4380 Huebneri
349 4317 528 4389 coniectura,
543 4337 635 4377 unum
648 4318 806 4397 hebemus;
821 4314 1019 4394 [St]ruo[tae]
1036 4318 1115 4376 enim
1129 4335 1293 4393 cognomen

121 4409 221 4469 visum
247 4408 317 4468 hnic
344 4411 391 4468 est
421 4405 576 4468 Corneliae
605 4406 636 4468 C.
657 4406 723 4469 Cor.
747 4403 935 4483 Sea[un]dini
959 4406 1045 4466 uxori
1069 4404 1177 4482 fuisse,
1201 4424 1291 4481 quam
