3078 4874
285 249 409 307 Nomina
425 249 540 322 propria
557 249 647 306 latina
665 249 783 306 emunda
800 266 819 304 a
835 247 1137 344 participiisperfecti.
1188 223 1191 228 Ἴ
1237 249 1302 314 875
1336 329 1339 334 Ι

127 423 208 498 cino,
231 420 262 478 in
288 439 416 497 qnorum
439 438 564 480 numero
587 419 618 478 ni
637 420 727 480 fallor
741 419 833 480 etiam
847 420 919 478 cloes
933 412 1027 500 (corp.
1042 420 1132 495 gloss.
1147 417 1191 478 IV
1205 439 1233 494 p.
1249 420 1302 480 45.

129 512 203 570 500.
231 508 259 566 V
276 530 304 586 p.
321 501 401 590 593)
424 508 593 570 habendum
618 513 676 584 est3
700 508 750 568 vix
773 508 853 568 enim
876 511 957 568 recte
980 507 1120 570 Loewius
1144 509 1175 566 in
1202 509 1302 583 prodr.

126 620 156 676 p.
177 600 241 660 304
268 599 403 675 pluviam
434 592 481 679 (55
507 590 686 678 nauigium),
714 617 791 674 qnae
817 597 907 658 verba
930 597 1186 673 interpretationis
1213 615 1303 656 causa

127 688 228 764 posita
254 691 337 764 sunt,
362 687 552 748 librariorum
577 687 671 748 errori
693 688 808 748 tribuit.
851 687 980 747 fortasse
1007 689 1061 746 hac
1080 687 1130 748 via
1148 687 1246 746 verior
1265 687 1302 745 de

126 777 247 837 nomine
270 778 442 838 coniectura
463 777 528 837 fieri
552 777 671 852 poterit.
709 778 838 855 cognata
857 777 935 836 enim
954 776 1045 837 verba
1064 775 1301 852 circumspicien-

127 867 209 925 tibus
237 867 348 944 oppida
376 865 499 927 Caeciae
526 871 557 926 et
586 865 703 926 015555
730 886 761 926 se
790 866 928 943 offerunt,
956 867 1086 925 alterum
1111 867 1301 943 Frentanum,

129 956 259 1015 alterum
283 955 442 1032 Picenum,
467 975 593 1032 quorum
617 956 693 1014 illud
718 975 736 1015 a
761 954 874 1016 Cluuiis
893 955 1005 1016 deabus
1023 973 1132 1014 nomen
1151 955 1301 1030 accepisse

128 1043 312 1106 Graecorum
342 1046 528 1122 quorundam
557 1045 734 1122 oppidorum
764 1044 903 1122 analogia
931 1043 1051 1105 videtur
1080 1044 1185 1105 docere
1208 1037 1300 1126 (conf.
1370 1091 1374 1098 .

126 1133 255 1194 Useneri
277 1135 388 1194 librum
414 1136 450 1194 de
474 1134 597 1195 deorum
620 1153 698 1195 nom.
713 1155 741 1210 p.
758 1136 819 1193 231
836 1127 925 1213 sqq.),
944 1135 1008 1207 hoc,
1028 1135 1053 1193 ai
1073 1133 1213 1192 suffixum
1234 1151 1302 1192 -ana

127 1223 276 1299 detrahis,
296 1223 429 1284 eiusdem
453 1225 571 1300 generis
594 1224 679 1283 deam
700 1224 788 1283 offert
805 1221 929 1282 Cluvam
948 1214 1039 1304 (conf.
1056 1223 1204 1283 Iuvanum
1223 1220 1302 1298 [lua-

126 1333 199 1371 num
214 1313 245 1371 iu
255 1311 328 1372 CIL.
336 1311 475 1374 v12379
486 1312 559 1372 aIII
570 1305 641 1393 28])
662 1313 842 1388 simpliciore
861 1313 989 1372 nominis
1008 1313 1106 1373 forma
1124 1312 1302 1389 praeditam,

105 1403 107 1408 ’
127 1402 206 1461 sicut
226 1403 314 1462 Mane
333 1402 444 1463 collata
461 1403 569 1463 Mania.
607 1421 704 1478 neque
723 1421 794 1462 vero
814 1422 851 1462 ex
868 1403 914 1462 his
935 1402 1104 1462 nominibus
1124 1421 1159 1460 ea
1177 1401 1301 1460 numina

129 1492 203 1550 olim
228 1491 361 1551 extitisse
386 1491 529 1566 conclusi,
555 1491 608 1551 sed
631 1491 754 1550 maximi
776 1492 920 1552 momenti
943 1491 1002 1550 fuit
1025 1491 1129 1551 Venus
1153 1490 1302 1558 Cloacina‚

128 1581 214 1640 cuius
233 1600 287 1656 ope
306 1582 427 1640 illarum
446 1601 564 1659 quoque
583 1582 707 1640 dearum
721 1581 875 1640 informari
890 1583 990 1656 potest
1004 1581 1157 1657 cogitatio.
1185 1580 1302 1639 Plinius

128 1669 209 1729 enim
227 1670 258 1730 in
276 1689 305 1729 n.
319 1670 348 1728 h.
363 1670 418 1728 XV
436 1673 498 1730 119
518 1675 622 1730 narrat
646 1673 765 1748 myrtea
783 1669 914 1731 verbena
937 1670 1087 1730 Romanos
1108 1668 1302 1745 Sabinosque,

128 1779 195 1818 cnm
226 1762 349 1836 propter
371 1761 480 1836 raptas
509 1759 642 1835 virgines
671 1759 812 1818 dimicare
835 1758 1018 1837 voluissent,
1042 1758 1185 1836 depositis
1211 1760 1301 1817 armis

127 1853 275 1926 purgatos
299 1867 363 1909 esse
389 1867 423 1909 eo
446 1848 521 1924 loco,
545 1850 596 1925 qui
621 1851 687 1908 tum
710 1849 796 1924 signa
818 1847 945 1908 Veneris
970 1846 1130 1908 Cluacinae
1154 1847 1302 1906 habuerit.

127 1939 229 1998 cluere
257 1939 335 1997 enim
365 1939 505 2015 antiquos
532 1957 663 2014 purgare
692 1938 809 1999 dixisse.
851 1957 919 1998 cum
945 1937 1001 1997 hac
1025 1937 1081 1997 dea
1105 1939 1233 2015 cognata
1257 1940 1303 1996 est

128 2027 242 2087 Cloelio
262 2021 459 2107 (Cloe-acina,
477 2019 645 2108 Cloe-ilia),
664 2028 711 2087 cui
734 2029 837 2086 statua
857 2027 1004 2104 equestris
1024 2028 1123 2104 posita
1146 2029 1197 2087 est·
1212 2017 1302 2107 (conf.

127 2115 277 2176 Venerem
296 2110 500 2197 Equestrem).

219 2204 301 2276 Quae
327 2206 353 2266 si
379 2208 460 2265 recte
489 2205 630 2281 disserui,
654 2204 773 2267 Clovati
801 2206 881 2282 apud
904 2204 997 2267 Oscos
1021 2225 1039 2265 a
1063 2205 1158 2266 Cluva
1177 2195 1301 2286 (Clova)

100 2309 103 2316 '
127 2313 237 2354 nomen
259 2295 387 2355 traxisse
410 2298 545 2371 possunt,
564 2295 642 2354 sicut
665 2294 780 2355 Cacatii
803 2293 917 2356 aCaoo
943 2289 1033 2377 (conf.
1053 2313 1111 2356 osc.
1129 2295 1304 2370 Pulralatitl,

127 2384 239 2446 Buech.
255 2385 315 2445 tab.
335 2385 449 2462 plumb.
464 2403 522 2445 ose.
536 2404 563 2461 p.
582 2386 621 2444 15
634 2377 719 2466 sqq.).

219 2579 361 2640 Cloatilla
379 2581 525 2657 quaedam
545 2490 805 2658 aiensiiijiiiii
818 2581 931 2657 virum,
951 2583 1002 2658 qui
1020 2581 1100 2641 inter
1119 2581 1300 2642 rebellantes

127 2671 241 2744 fuerat,
262 2671 431 2747 sepelisset,
455 2671 494 2730 ab
519 2671 700 2747 imperatore
720 2670 845 2730 Claudio
864 2671 1004 2731 absoluta
1022 2675 1076 2732 est.
1123 2671 1192 2734 vide
1211 2671 1248 2730 de
1268 2691 1304 2732 ea

127 2778 306 2836 prosopogr.
319 2759 390 2837 imp.
406 2760 491 2820 Rom.
506 2759 522 2818 Ι
536 2780 563 2836 p.
579 2761 653 2820 414.

656 2861 781 2928 0151155

217 2957 329 3016 Romae
348 2956 391 3016 VI
408 2957 514 3018 15858
535 2958 567 3016 Τ.
583 2956 701 3017 Clutiue
720 2957 783 3018 Col.
799 2957 991 3034 Apollinaris.

219 3043 334 3106 Gallica
348 3047 469 3107 nomina
481 3041 593 3106 'similia
607 3047 699 3107 habes
714 3048 794 3125 apud
804 3046 970 3108 Holderum
983 3047 1015 3106 in
1029 3047 1171 3108 thesauro
1182 3048 1303 3124 liuguae

124 3135 259 3196 celticae.

618 3225 813 3286 Clutianne

218 3314 253 3376 L.
268 3313 406 3375 Salonius
422 3314 580 3375 Clutiauus
595 3315 670 3392 vigil
685 3317 731 3374 est
745 3315 778 3376 in
791 3315 882 3375 titulo
896 3317 1009 3376 urbano
1024 3313 1069 3374 VI
1085 3317 1179 3393 1055,
1190 3335 1216 3376 a.
1228 3318 1303 3376 205.

624 3457 813 3518 Clutorius

225 3547 333 3608 Vibone
350 3547 377 3608 X
393 3550 436 3610 60
455 3546 591 3608 Clutoria
608 3547 643 3608 L.
657 3549 677 3607 f.
693 3546 817 3618 Quarta.

624 3684 805 3768 Cogitatius

217 3782 255 3846 M
259 3782 333 3840 55555
348 3781 454 3840 titulus
468 3781 584 3858 positus
596 3785 643 3840 est
652 3779 683 3840 0.
694 3778 847 3857 Cogitatio
858 3779 998 3842 Valentio
1008 3781 1130 3842 natione
1139 3780 1304 3860 Pannonio,

122 3869 221 3929 militi
241 3870 346 3930 classis
364 3875 458 3946 praet
480 3872 559 3930 Mis:
573 3870 601 3928 X
615 3871 711 3931 3569.

219 3959 295 4018 adde
322 3959 446 4019 titulum
478 3960 592 4020 editum
620 3978 639 4018 a
662 3959 827 4019 Muratorio
850 3960 924 4036 870,
935 3963 964 4038 2,
990 3959 1022 4019 15
1047 3980 1106 4036 quo
1132 3960 1304 4021 nominatur

125 4047 284 4124 Cogitatia
303 4047 473 4127 Cupitiana,
491 4049 627 4111 veterani
646 4067 728 4109 uxor.

590 4155 840 4233 Cogitatiniue

220 4261 421 4341 Cogitatiuius
446 4264 569 4325 Iuvenis
588 4263 629 4322 bi.
644 4263 703 4340 leg.
716 4263 754 4323 le.
769 4266 815 4323 est
833 4262 864 4322 in
883 4263 973 4324 titulo
992 4263 1205 4340 Lupudwncasa'
1223 4265 1303 4326 edito

124 4373 145 4414 a
166 4352 332 4414 Muratorio
353 4355 426 4430 678,
442 4355 471 4413 3.

221 4441 289 4504 vide
308 4461 474 4520 cognomen
494 4439 626 4518 Cogitata

183 4551 262 4594 Jahrb.
276 4553 293 4595 f.
307 4552 374 4594 class.
388 4551 470 4593 Pbssol.
499 4551 577 4602 snppl.
591 4553 634 4594 Bd.
643 4553 728 4594 xx1v.
853 4589 856 4594 ,
1056 4549 1089 4596 56
