3088 4886
345 263 468 320 Nomina
485 264 599 336 propria
616 264 706 320 latina
725 264 842 320 oriunda
861 282 878 320 a
896 265 1052 336 participiis
1072 267 1196 336 perfecti.
1293 267 1353 331 751

278 434 310 494 in
323 432 432 508 Africa
446 453 554 494 nomen
569 434 660 494 Acuti
675 434 855 510 aliquotiens
869 433 1022 494 invenitur
1039 434 1071 494 in
1086 453 1122 494 ea
1135 435 1265 514 regione,
1285 456 1361 514 quae

192 525 273 583 inter
292 524 401 601 oppida
418 523 609 582 Lambaesim
630 527 660 582 61
679 522 793 582 Cirtam
817 524 877 582 sila
899 526 952 583 est.
995 527 1029 583 ut
1048 525 1144 601 prime
1164 527 1360 602 secundoque,
1381 575 1383 578 .

190 614 234 673 ita
261 613 352 672 etiam
376 613 466 672 tertio
485 633 513 688 p.
530 612 561 672 C.
581 613 699 672 saeculo
725 613 773 672 his
797 612 870 672 loeis
893 632 1001 672 nomen
1024 613 1055 672 in
1078 632 1136 672 usu
1160 614 1252 674 fuisse
1276 616 1361 675 dccet

190 703 335 762 Iuliorum
351 701 535 778 gentilicium
551 705 582 760 et
597 701 704 762 titulus
715 701 789 762 VIII
802 704 888 762 2564
904 703 934 760 16
949 703 1054 762 eastris
1065 703 1305 763 Lambaesitanis
1319 705 1363 763 in-

190 796 307 868 ventus,
327 792 379 868 qui
397 792 514 868 pesitus
533 795 580 850 est
598 791 765 866 imperante
786 791 949 850 Caracalla.
982 797 1012 851 et
1031 793 1078 852 hie
1097 793 1216 868 quidem
1236 795 1361 853 militem

187 881 314 957 praebet
352 881 566 956 legionarium,
606 899 674 939 eum
706 881 737 939 in
771 881 877 940 ceteris
905 880 1148 956 inscriptionibus
1180 882 1261 943 vitae
1294 901 1361 942 eon·

188 970 276 1043 dicio,
307 971 406 1029 tenuis
440 973 533 1046 certe,
563 972 707 1030 taceatur.
760 969 861 1029 Cirtae
889 972 920 1028 et
946 969 978 1028 in
1006 969 1094 1028 huius
1123 971 1225 1045 oppidi
1253 972 1363 1031 vicinia

188 1059 330 1118 mulieres
359 1077 476 1137 quoque
502 1060 576 1118 duas
600 1059 656 1118 hoc
684 1059 802 1118 nomine
826 1077 896 1120 usas
925 1077 990 1118 essa
1010 1050 1212 1142 (11116207.
1238 1053 1361 1142 19613)

189 1149 353 1208 notandum
373 1151 427 1207 cst.
1373 1151 1376 1158 ⁴

279 1239 367 1314 pauci
386 1237 472 1296 rituli·
489 1238 586 1314 sparsi
605 1239 691 1297 erant
709 1256 763 1313 per
780 1237 936 1306 Noricum,
961 1255 1037 1296 unus
1062 1241 1109 1297 est
1128 1239 1299 1299 Pannoniae
1317 1242 1361 1300 in-

190 1329 315 1402 ferioris.
352 1328 459 1386 horum
478 1346 548 1402 pars
568 1328 658 1386 tertio
679 1327 796 1387 saeculo
816 1325 936 1386 videtur
955 1326 1067 1403 scripta
1086 1345 1159 1404 esse,
1180 1328 1263 1388 cuius
1283 1332 1362 1388 aeta-

189 1417 229 1476 tis
244 1419 290 1476 est
303 1416 391 1475 miles
411 1415 595 1492 legionarius
615 1416 731 1476 Acutus
751 1417 930 1494 adpellatus‚
949 1434 1016 1476 oum
1030 1416 1061 1474 in
1081 1417 1179 1492 lapids
1195 1417 1362 1492 antiquiore

188 1506 348 1565 libertinus
368 1505 410 1565 sie
431 1506 609 1566 nominetur.
646 1506 677 1564 in
691 1507 847 1566 Dalmatia
860 1505 1011 1564 hominem
1027 1505 1201 1565 libertinum
1217 1507 1361 1566 habemus

189 1595 300 1655 saeculi
318 1594 408 1670 primi
427 1596 476 1654 vel
495 1595 627 1672 secundi,
646 1596 801 1654 mulierem
821 1593 950 1654 Acutum
971 1593 1111 1654 rixante
1130 1596 1282 1654 saeculum
1301 1599 1362 1655 ter·

189 1685 265 1744 tium
288 1687 399 1744 natam.
442 1685 488 1743 his
519 1684 634 1744 accedit
659 1684 747 1744 testis
772 1683 964 1742 Salonitanus
991 1683 1024 1742 in
1048 1683 1212 1761 diplomate
1237 1684 1362 1744 militari

188 1773 370 1833 Herculanei
388 1776 508 1850 reperte
527 1773 598 1832 anni
620 1775 661 1834 70
676 1766 718 1851 (X
734 1764 843 1855 1402).
871 1773 902 1831 16
917 1772 1081 1833 Britannia
1098 1776 1235 1832 nostrum
1254 1792 1362 1833 nomen

190 1881 249 1924 non
268 1863 368 1924 inveni
386 1862 445 1921 nisi
463 1862 495 1921 in
515 1863 634 1922 vasculo
654 1881 721 1924 uno.

278 1953 310 2012 in
327 1952 494 2028 posteriora
512 1954 649 2028 tempora
662 1953 752 2012 Acuti
766 1969 875 2011 nomon
893 1969 952 2010 non
971 1952 1095 2012 durasse
1113 1953 1163 2014 vel
1181 1952 1250 2012 inde
1270 1953 1361 2030 adpa-

190 2045 245 2122 ret,
265 2042 347 2121 quod
372 2040 535 2101 Christiani
553 2060 587 2101 ao
607 2041 654 2102 usi
674 2059 737 2102 esse
756 2060 816 2100 nen
834 2039 982 2102 videntur.

697 2247 863 2315 Adsuetus

276 2401 388 2460 Rornae
405 2402 460 2461 hoe
474 2419 581 2460 nomen
594 2398 675 2458 haud
689 2399 733 2458 ita
746 2416 814 2457 raro
828 2397 938 2460 iuveni.
966 2396 1048 2456 tituli
1063 2397 1229 2457 ostendunt
1246 2399 1360 2456 utrius·

189 2510 246 2567 que
266 2508 353 2550 sexus
377 2507 493 2566 servos,
513 2489 683 2566 libertinos,
702 2491 808 2546 tenues
832 2487 951 2547 omnino
976 2485 1126 2561 homines,
1151 2487 1201 2562 qui
1221 2485 1362 2546 vixerunt

190 2579 316 2640 saeculis
341 2582 375 2637 ut
398 2579 503 2655 opinor
527 2579 655 2638 seeundo
675 2576 824 2652 tertioque
848 2569 899 2652 (cl.
914 2574 957 2632 Vl
973 2575 1089 2635 29131.
1111 2578 1206 2635 2166.
1229 2571 1360 2652 12994).

280 2667 457 2728 Ostiensibus
481 2668 569 2728 valde
588 2666 736 2742 placuisse
755 2663 882 2724 Aduueti
902 2682 1011 2722 nomen
1029 2662 1061 2722 in
1088 2665 1193 2739 aperto
1213 2667 1271 2739 est,
1291 2683 1360 2722 nam

190 2759 392 2834 exemplorum
414 2773 556 2817 numerus
575 2757 654 2816 idem
672 2755 736 2815 fere
754 2757 802 2814 est
815 2751 918 2814 Ostiae
936 2755 1027 2829 atque
1042 2752 1166 2812 Romae.
1199 2753 1361 2812 humillimi

189 2848 247 2908 loci
266 2847 400 2908 videmus
415 2848 558 2921 homines,
577 2845 733 2906 libertinos
752 2845 800 2905 vel
813 2843 1023 2904 libertinorum
1042 2841 1128 2920 filios,
1148 2842 1202 2918 qui
1221 2843 1361 2902 vixerunt

190 2957 331 3013 magnam
349 2941 467 3012 partem
483 2937 601 2996 saeculo
617 2933 747 2995 seeundo
761 2934 825 2993 fere
838 2932 944 2991 medio.
974 2931 1116 2990 differunt
1129 2935 1230 2990 autem
1245 2929 1361 2990 Ostien-

192 3028 236 3086 sia
250 3027 385 3102 exempla
403 3046 422 3086 a
436 3026 577 3086 Romanis
598 3043 642 3099 eo,
662 3023 742 3100 quod
757 3022 861 3083 Ostiae
878 3021 1020 3080 mulieres
1035 3019 1191 3081 Adsuetas
1205 3020 1361 3080 inveniun-

191 3119 242 3175 tur
264 3115 373 3175 nullae.
416 3116 595 3174 Herculanci
618 3107 660 3194 (X
680 3103 781 3194 1403)
806 3129 882 3170 unus
906 3110 1062 3169 Adanotus
1089 3110 1173 3184 isque
1202 3109 1362 3170 libertinus

190 3205 350 3266 invenitur.
383 3207 540 3280 praeterea
555 3202 737 3280 paucissima
756 3201 893 3276 exempla
908 3200 1095 3258 saeculorum
1113 3199 1211 3274 primi,
1231 3199 1362 3270 secundi,

191 3295 273 3354 tertii
298 3294 390 3353 habes
417 3294 611 3360 Tarracinae,
634 3292 775 3358 Puteolis,
804 3291 969 3348 Brundisii.
1012 3289 1043 3346 in
1073 3288 1190 3347 Venetia
1213 3287 1362 3364 Aquileia,

193 3385 303 3444 Forum
322 3382 403 3460 Iulii,
421 3385 526 3460 pertus
546 3381 723 3458 Liquentiae
743 3379 863 3455 singula
877 3377 1024 3437 dederunt
1038 3377 1175 3452 exempla
1193 3376 1282 3452 primi
1301 3377 1362 3451 opi·

190 3492 244 3533 nor
262 3473 313 3533 vel
331 3471 452 3532 secundi
472 3472 591 3532 saeculi.
628 3461 674 3552 (in
701 3469 791 3528 titulo
810 3465 999 3543 Aquileiensi
1016 3466 1173 3526 mulierem
1193 3465 1362 3525 Adsuetum

190 3562 308 3621 habes.

281 3552 456 3724 Caridapine
479 3667 554 3710 sace.
577 3650 738 3709 Iexeunte
761 3647 811 3707 vel
824 3647 865 3705 «II
888 3646 1011 3705 ineunte
1034 3644 1143 3702 mulier
1166 3643 1273 3702 humili
1296 3645 1361 3702 loeo

190 3743 261 3799 nata
279 3740 336 3799 hoc
354 3740 471 3798 nomine
491 3738 627 3815 praedita
644 3737 703 3796 fuit
722 3729 813 3818 (VIII
834 3727 965 3814 12662).

280 3828 418 3889 Adanins
436 3827 546 3888 omissa
565 3826 587 3886 C
606 3827 719 3903 legitur
741 3825 773 3883 in
799 3824 904 3884 tabula
927 3821 1139 3882 exsecrationis
1159 3820 1233 3881 VIII
1254 3824 1360 3884 12506

190 3918 300 3979 ibidem
324 3921 457 3994 reperta3
482 3919 638 3993 praeterea
657 3917 688 3975 in
707 3916 796 3974 titrrle
815 3915 994 3974 Lambaesit.
1012 3911 1087 3971 VIII
1105 3912 1191 3971 4157
1217 3911 1361 3971 habemus

190 4009 229 4068 M.
247 4007 372 4084 Ulpium
390 4007 554 4066 Adautum.
871 4015 875 4021 '

281 4095 426 4157 Carnunti
441 4100 471 4156 61
485 4094 614 4169 Aquinei
632 4097 694 4153 tres
712 4092 813 4153 inveni
831 4092 994 4170 Adsuetas,
1009 4109 1134 4167 quorum
1150 4090 1208 4150 duo
1227 4089 1358 4149 libertini

192 4190 273 4262 sunt,
297 4205 374 4246 unus
399 4185 545 4262 magister
568 4183 686 4260 collegii
711 4185 921 4242 veteranorum
945 4180 1199 4256 centonariorum
1223 4179 1361 4239 vixerunt

189 4277 317 4336 fortasse
336 4277 455 4335 saeculo
475 4275 573 4334 tertio.

278 4365 324 4425 his
353 4365 429 4425 adde
452 4364 622 4424 Adauctum
650 4363 815 4440 martyrem
845 4361 954 4422 aetatis
982 4358 1186 4420 Diocletianae
1215 4349 1264 4450 (ef.
1293 4356 1359 4416 Ihm

188 4457 275 4516 Dam.
294 4475 340 4533 ep.
360 4445 404 4538 7).
