3088 4886
185 269 250 334 750
691 269 743 326 du.
763 269 843 324 Otto:

148 493 151 496 ,
183 441 284 498 cetera
301 438 421 497 nomina
435 436 547 498 eisdem
565 438 664 498 titulis
681 438 826 515 inscripta
850 437 964 498 docent.
1000 437 1163 516 gentilicio,
1187 437 1267 513 quod
1285 455 1354 497 raro

184 529 315 605 positum
335 531 389 603 est,
407 547 468 588 non
486 546 603 604 semper
621 547 804 604 praenomen
823 527 950 588 additur.

275 615 452 678 Germaniae
474 619 635 694 utriusque.
660 617 718 677 viri
741 619 928 693 feminaeque
952 616 1108 678 adamasse
1136 616 1276 677 videntur
1300 616 1356 676 hoc

186 726 302 783 nomen,
327 708 379 767 sed
401 709 567 784 posteriore
591 707 692 783 potius
716 727 806 783 quam
829 708 927 782 priore
950 710 1058 766 aetate.
1094 725 1182 766 rarus
1206 706 1286 764 enim
1311 709 1358 765 est

187 797 386 873 praenominis
401 816 483 870 usus,
502 816 568 856 oum
583 797 768 874 gentilicium
784 815 901 872 semper
921 795 1009 870 adsit,
1026 815 1122 873 neque
1136 800 1237 854 cetera
1251 814 1356 854 eorun-

187 887 254 944 dem
278 885 436 945 titnlorum
459 885 580 945 nomina
603 887 724 945 meliore
748 889 848 945 aetate
874 889 941 946 orta
965 887 1043 944 sunt.
1085 886 1140 944 hoc
1164 884 1357 943 confirmatur

187 975 277 1034 titulo
296 994 324 1034 11.
341 967 509 1056 6320312),
529 976 580 1052 qui
599 977 755 1034 consulum
775 994 800 1035 a.
822 976 884 1035 238
903 975 1024 1035 nomina
1042 975 1171 1034 exhibet.
1209 975 1245 1032 de
1264 973 1355 1032 homi·

186 1083 259 1122 num
278 1065 448 1124 condicione
466 1063 545 1122 idem
564 1065 655 1139 valet,
673 1065 753 1140 quod
771 1065 802 1122 in
821 1065 927 1123 ceteris
946 1064 1043 1122 terris.

278 1173 314 1212 ex
333 1154 380 1212 his
399 1154 536 1213 omnibus
555 1155 681 1229 adparet
700 1153 825 1230 Accepti
842 1172 950 1212 nomen
969 1155 1047 1212 bona
1065 1154 1114 1213 vel
1133 1152 1225 1211 etiam
1245 1152 1358 1227 optima

193 1244 292 1301 aetate
311 1243 447 1301 floruisse
467 1243 587 1316 Romae,
607 1243 638 1300 in
656 1243 755 1318 Italia,
774 1243 804 1300 in
820 1241 927 1302 Galliis
943 1241 1096 1318 Cisalpina
1115 1245 1146 1300 et
1161 1241 1359 1317 Narbonensi,

188 1331 219 1388 in
232 1331 343 1409 Africa,
358 1332 573 1406 posterioribus
589 1332 773 1406 temporibus
789 1333 818 1389 in
828 1331 951 1406 Illyrico
966 1335 997 1389 et
1010 1331 1041 1389 in
1051 1330 1212 1390 Germania
1222 1333 1361 1406 utraque.

278 1419 390 1494 Aoepta
404 1439 464 1478 una
479 1419 500 1478 O
517 1421 660 1496 scriptum
680 1424 726 1479 est
745 1421 776 1478 in
795 1421 885 1480 titulo
908 1420 932 1477 V
948 1422 1032 1480 6645
1054 1420 1092 1479 ad
1112 1420 1207 1495 ripam
1227 1419 1359 1480 occiden-

189 1511 281 1568 talem
301 1511 384 1568 lacus
405 1509 536 1568 Verbani
554 1509 685 1570 inventa.

277 1599 404 1658 Plautus
423 1598 454 1656 in
473 1597 557 1674 Capt.
580 1600 643 1659 714
663 1617 780 1658 servom
799 1598 872 1657 dicit
890 1598 1140 1674 acceptissimum.

730 1754 832 1818 Actus

283 1875 339 1935 hoc
357 1894 464 1934 nomen
483 1875 602 1935 omnino
617 1877 837 1951 segregandum
856 1877 903 1934 est
920 1875 958 1934 ab
978 1895 1013 1935 eo
1034 1876 1113 1952 quod
1132 1878 1179 1935 est
1192 1873 1295 1936 Actins
1314 1878 1361 1938 de-

193 1965 290 2023 rivato
309 1983 328 2023 a
345 1965 553 2040 promunturio
576 1965 748 2041 proelioque
770 1965 815 2022 ibi
834 1964 1000 2042 commisso,
1023 1966 1054 2023 in
1079 1965 1164 2024 cuius
1188 1969 1361 2026 memoriam

158 2049 160 2053 ’
195 2055 268 2112 satis
292 2054 403 2113 multos
427 2055 526 2130 gentis
550 2053 645 2112 Iuliae
669 2072 769 2112 servos
789 2053 892 2112 Actias
912 2072 977 2112 esse
996 2057 1117 2114 vocatos
1136 2055 1224 2114 hodie
1244 2076 1361 2132 quoque

196 2143 280 2201 tituli
299 2144 415 2203 docent.
453 2145 504 2202 sed
524 2148 558 2202 ut
576 2143 711 2220 exemplu
730 2146 811 2202 recto
831 2161 901 2202 casu
921 2143 1033 2220 scripta
1052 2144 1078 2202 si
1097 2144 1128 2202 in
1148 2143 1202 2203 ·io·
1223 2144 1363 2205 desinunt

196 2236 299 2308 aperte
314 2235 453 2291 externae
469 2236 538 2291 sunt
553 2233 675 2308 originis
691 2226 771 2310 (nam
783 2233 942 2308 participia
957 2228 1081 2308 perfecti
1093 2233 1198 2292 suffixo
1209 2233 1264 2293 -io·
1275 2239 1363 2294 aucta

194 2321 256 2379 fere
275 2340 436 2398 numquam
462 2322 671 2398 cognominum
693 2322 791 2380 locum
815 2314 950 2402 habant),
974 2323 1017 2400 ita
1039 2323 1206 2397 haeremus,
1233 2325 1363 2400 quoties-

195 2428 322 2485 cumque
341 2411 480 2485 genetivo
500 2429 572 2470 casu
586 2430 693 2471 nomen
708 2411 844 2486 ponitur3
863 2430 959 2486 neque
978 2411 1077 2470 minus
1092 2411 1235 2488 gentilicii
1249 2414 1363 2491 ActiuS,

196 2499 275 2574 quod
299 2518 369 2558 sane
388 2519 490 2558 rarum
510 2503 564 2576 est,
589 2501 673 2575 origo
692 2501 776 2560 latet.
807 2505 988 2576 quapropter
1008 2501 1038 2559 id
1052 2503 1172 2560 tantum
1187 2505 1363 2580 exemplum,

196 2588 274 2664 quod
293 2589 416 2647 dubium
435 2608 495 2648 non
515 2593 569 2667 est,
588 2590 636 2648 hic
655 2608 777 2664 ponam:

284 2679 313 2735 in
333 2677 422 2738 titulo
442 2677 608 2752 Saguntino
627 2678 659 2737 II
679 2680 764 2738 3924
785 2683 830 2736 est
845 2725 851 2737 .
868 2723 874 2737 .
889 2675 910 2754 .]
931 2679 1033 2738 ecilius
1055 2680 1156 2738 Actus.

281 2767 319 2825 ab
335 2767 442 2844 agendi
457 2769 547 2827 verbo
567 2767 630 2826 sine
650 2768 740 2826 dubio
756 2769 877 2825 ductum
893 2772 951 2844 est3
970 2768 1032 2827 vim
1046 2770 1119 2842 puto
1140 2786 1205 2827 esse
1226 2772 1364 2850 activam,

192 2856 229 2916 cf.
248 2859 368 2914 nomina
386 2855 499 2933 Agens,
519 2855 675 2932 Agentius.

720 2995 844 3059 Acutus

282 3115 339 3175 hoo
359 3133 520 3192 cognomen
534 3114 646 3176 Romae
665 3117 759 3176 servis
778 3117 951 3194 frequenter
975 3115 1186 3192 imponebatur
1204 3115 1365 3190 incipiente

195 3205 410 3282 imperatorum
425 3208 538 3282 aetate3
558 3207 636 3265 baud
652 3225 747 3281 pauca
762 3207 898 3281 exempla
911 3210 991 3265 certa
1011 3205 1102 3264 etiam
1117 3205 1228 3265 saeeuli
1241 3204 1366 3263 alterius

195 3299 274 3371 sunt,
293 3296 345 3354 sed
360 3300 430 3370 post
448 3295 477 3353 id
492 3296 636 3371 temporis
652 3297 783 3372 spatium
799 3297 900 3356 nullus
919 3297 978 3354 iam
997 3314 1069 3354 usus
1089 3296 1153 3356 eius
1175 3294 1240 3352 fuit.
1270 3313 1365 3369 neque

194 3403 326 3460 unquam
345 3385 523 3443 honestioris
543 3385 601 3444 loci
621 3385 791 3444 hominibus
810 3385 932 3460 placuit.

286 3473 383 3533 Ostiae
401 3472 471 3532 XIV
487 3476 550 3534 288
566 3473 723 3533 libertinus
744 3476 831 3532 homo
851 3478 897 3533 est
920 3473 1031 3533 saeculi
1050 3473 1138 3548 primi
1163 3475 1210 3532 vel
1236 3471 1365 3532 secundi.

196 3564 340 3637 Pompeiis
358 3563 418 3622 iam
437 3583 461 3623 a.
484 3583 511 3621 u.
533 3566 594 3623 751
621 3582 722 3624 servos
747 3564 861 3622 Aratus
885 3564 1036 3622 invenitur
1055 3556 1113 3644 (IV
1131 3557 1240 3642 2450).
1278 3563 1366 3637 idem,

197 3652 275 3729 quod
295 3653 330 3711 de
346 3653 487 3727 exemplis
503 3654 625 3712 urbanis
640 3653 798 3712 dicendum
812 3657 885 3730 erat,
907 3653 986 3711 cadit
1000 3654 1031 3710 in
1046 3671 1089 3729 ea,
1109 3672 1185 3728 quae
1203 3653 1235 3710 in
1253 3651 1367 3717 Piceno,

197 3741 228 3800 in
251 3741 387 3808 Etruria,
415 3741 447 3799 in
472 3741 646 3816 Campania,
671 3742 702 3800 iu
725 3743 881 3816 Paeiipnis,
909 3742 941 3800 in
966 3742 1090 3801 Vestinis
1115 3742 1291 3817 prodierunt
1317 3742 1367 3799 ad-

197 3832 318 3890 modum
338 3849 441 3905 pauca.
473 3850 570 3906 neque
589 3831 677 3890 aliter
696 3831 887 3890 iudicandum
903 3849 968 3890 esse
988 3834 1060 3906 puto
1080 3830 1116 3889 de
1137 3829 1254 3890 Galliae
1274 3829 1368 3890 Orsol-

192 3924 286 3995 pinae
303 3919 400 3978 titulis
419 3920 481 3978 fere
501 3921 612 3981 decem.
654 3920 771 3980 Galliae
789 3921 988 3980 Narbonensis
1006 3920 1090 3978 tituli
1108 3919 1292 3996 paucissimi,
1316 3919 1368 3994 qui

199 4011 236 4068 ad
256 4010 423 4068 Narbonem
446 4014 477 4068 et
499 4007 604 4082 Aqnas
621 4007 734 4070 Sentias
758 4013 895 4086 spectant
918 4028 1029 4082 omnes,
1052 4010 1209 4068 libertinos
1233 4009 1368 4068 homines

113 4094 115 4098 ’
200 4098 311 4158 saeculi
329 4097 426 4174 primi,
445 4116 583 4172 necnon,
604 4103 638 4158 ut
656 4100 782 4175 videtur,
802 4100 923 4159 secundi
940 4100 1095 4176 praebent.

289 4187 340 4264 qui
362 4187 394 4245 in
414 4186 576 4247 Germania
594 4190 679 4262 infer.
698 4209 724 4248 a.
741 4191 803 4248 187
825 4192 959 4249 mortuus
984 4192 1030 4248 est
1054 4188 1098 4248 Ti.
1118 4187 1225 4263 Ulpius
1251 4189 1366 4247 Acutae

200 4269 335 4357 (Bramb.
351 4268 439 4358 314),
460 4277 535 4354 sing.
546 4296 605 4337 cos.
619 4277 687 4335 fuit.
723 4279 753 4335 in
776 4279 936 4352 Hispania,
957 4278 983 4336 si
1001 4296 1075 4337 vasa
1093 4279 1237 4336 nonnulla
1256 4278 1369 4353 eximis,

199 4367 335 4538 HisprziiIs
358 4367 422 4424 sola
434 4366 539 4536 ,virum
557 4367 639 4426 dedit
658 4367 713 4426 hoc
730 4368 848 4426 nomine
867 4367 1046 4444 praeditum,
1071 4365 1101 4426 O.
1125 4367 1269 4428 Aternium
1293 4368 1369 4425 Acu-

199 4459 265 4515 tum
301 4457 313 4512 1
348 4458 456 4516 1213.
