3078 4874
308 203 431 262 Nomina
448 205 564 277 propria
581 205 671 262 letina
689 205 807 267 oriunda
825 223 843 260 a
860 204 1017 277 participiis
1031 205 1155 275 perfecti.
1250 206 1313 272 881

31 339 33 428 l
143 377 285 438 videntur
312 395 377 436 5555
406 376 532 436 55555115
559 376 656 453 primo
685 379 717 436 et
744 377 872 436 seeundo
900 376 963 436 fere
992 376 1099 436 omnia.
1145 375 1176 436 Ο.
1195 377 1316 436 Domali

145 467 295 542 Trophimi
318 467 437 526 saeculo
456 467 551 542 primo
571 466 656 525 labro
676 466 748 526 dolii
766 465 942 542 inscriptum
962 468 1020 526 ost:
1046 465 1101 524 XV
1117 467 1211 526 2432.
1248 484 1314 525 5515

29 541 31 630 i
145 560 264 615 ceterae
287 555 497 632 inscriptiones
522 555 653 614 urbanae
677 574 778 614 omnes
802 552 1039 615 humillimorum
1063 556 1111 615 vel
1130 555 1204 614 adeo
1227 555 1315 614 11551-

28 651 30 720 ξ
141 646 275 705 11551551
299 646 360 704 5151
382 645 551 722 hominnm,
574 646 722 704 notandus
742 647 789 704 eet
809 646 916 704 titulus
938 645 980 702 VI
1001 646 1101 718 2168,
1125 645 1177 721 qui
1196 648 1242 704 est
1263 643 1314 704 05.

140 734 203 794 1511
226 732 277 793 Cn.
301 733 340 794 fil.
361 733 483 793 Domati
510 733 605 793 Prisci
633 753 669 792 ex
697 753 772 810 equo
799 733 920 811 publico
948 734 1094 793 adiutoria
1121 733 1315 809 haruspicum

140 824 331 900 imperatoris
359 823 507 899 pontificis
532 822 651 882 Albani.
688 823 871 898 reliquorum
899 826 1000 882 autem
1029 841 1168 882 numeros
1193 825 1313 882 enotare

141 913 217 972 55115
245 913 353 972 habeo:
387 911 431 971 VI
451 914 545 972 1813.
571 914 665 972 7574.
691 915 896 972 16909-12.
923 914 1041 972 18176.
1069 913 1184 971 18801.
1205 914 1312 972 21766

141 993 293 1083 (mulieris
324 993 510 1081 cognomen).
553 1004 670 1062 25446.
702 1003 819 1062 25456.
862 1001 934 1060 55115
965 1001 1104 1078 antiquos
1135 1005 1182 1060 est
1205 1002 1314 1062 titulus

143 1092 369 1150 Beneventanus
386 1090 430 1149 IX
453 1092 552 1167 1713,
582 1091 633 1168 qui
664 1090 785 1150 5151551
810 1089 841 1150 O.
864 1090 1038 1150 Domatium
1072 1090 1103 1149 2.
1129 1090 1149 1148 l.
1176 1090 1314 1167 Pylacem

143 1183 175 1239 51
187 1181 340 1239 1151551155
350 1181 381 1240 Ζ).
391 1181 410 1238 l.
421 1180 440 1239 l.
451 1179 593 1238 Faustam
605 1178 1315 1257 5115115115,5511515551515518111551555355.

146 1267 179 1329 O.
190 1269 365 1328 Domatium
379 1268 478 1328 (1115.
494 1313 500 1326 .
517 1313 524 1326 .
539 1313 546 1328 .
564 1269 645 1328 dedit
659 1269 767 1329 titulus
781 1268 941 1329 Stabianns
954 1269 982 1327 X
994 1270 1056 1328 778
1072 1269 1177 1328 dextra
1190 1269 1314 1345 fractus,
1346 1323 1349 1332 .

140 1357 175 1418 P.
195 1358 355 1417 Veturium
378 1358 411 1417 P.
435 1359 455 1416 1.
480 1356 559 1434 Con,
583 1359 751 1418 Domatiam
775 1357 807 1418 0.
831 1359 851 1418 f.
873 1358 1027 1433 inscriptio
1050 1358 1315 1435 Attnosxs1213

141 1447 174 1508 0.
190 1446 363 1506 Dometiurn
380 1446 411 1506 O.
426 1448 447 1506 1.
463 1447 574 1506 Rufum
590 1440 788 1530 pr(eetorem)
802 1448 957 1524 inscriptio
972 1444 1134 1506 Lanuvino
1147 1447 1218 1505 XIV
1231 1450 1315 1507 2117

141 1530 228 1616 (vide
242 1537 332 1595 etiam
347 1535 419 1596 XIV
431 1528 541 1617 2116).
570 1537 600 1596 15
619 1537 719 1613 lapide
733 1536 926 1596 Scarbantino
939 1535 986 1596 ΠΙ
996 1538 1081 1597 4251
1099 1529 1188 1615 (conf.
1205 1531 1316 1616 suppl.)

138 1626 286 1702 leguntur
308 1625 340 1686 P.
366 1625 522 1684 Domatius
546 1626 579 1684 P.
608 1621 656 1702 [f.]
681 1626 817 1703 Tergitio
840 1627 1012 1702 negotiator
1035 1631 1066 1685 et
1088 1625 1227 1685 Domatia
1250 1625 1283 1684 P.
1297 1628 1316 1685 l.

139 1713 264 1790 Vimpia
283 1733 357 1774 uxor
376 1714 447 1774 cius.

650 1797 809 1863 Domitius

236 1894 272 1952 de
287 1893 376 1954 huius
390 1894 518 1954 nominis
533 1893 649 1970 origine
664 1893 801 1969 disserui,
820 1912 888 1952 cum
902 1912 1065 1972 cognomen
1079 1893 1194 1953 Domiti
1208 1897 1315 1954 115515-

139 2001 220 2058 15151
239 2002 318 2042 5555
336 1984 393 2043 555
412 1983 521 2042 addam
539 1984 570 2042 in
590 1982 642 2042 On.
656 1982 769 2042 Domiti
787 1983 980 2042 Ahenobarbi
999 1983 1128 2042 nummis
1146 1983 1244 2042 virum
1264 1984 1316 2042 ad-

137 2090 248 2148 parere
278 2071 391 2130 nudum
420 2073 472 2150 qni
500 2073 615 2151 1555515
644 2071 794 2148 perfodiat
821 2067 911 2148 (conf.
936 2073 1114 2132 Mommseni
1138 2073 1209 2132 hist.
1237 2091 1316 2133 mon.

137 2161 225 2220 Rom.
249 2182 277 2237 p.
294 2153 382 2241 523).
426 2161 470 2220 De
494 2161 633 2222 Domitiis
656 2164 770 2237 autem,
795 2161 973 2239 quicumque
997 2164 1050 2220 551
1074 2162 1185 2222 1155155
1209 2163 1316 2221 autin

138 2250 302 2328 provinciis
322 2251 535 2327 excelluerunt,
556 2255 587 2310 et
605 2270 732 2326 quornm
751 2269 800 2310 res
819 2254 922 2327 gestae
939 2251 987 2310 vel
1002 2252 1129 2311 honores
1144 2251 1229 2310 libris
1244 2251 1316 2311 titu-

138 2340 240 2416 lisque
259 2340 419 2399 memoriae
438 2340 545 2399 traditi
564 2343 642 2417 eunt,
661 2359 805 2416 quaerere
824 2359 923 2398 meum
943 2359 1002 2399 non
1016 2344 1076 2418 cst3
1097 2359 1192 2418 neque
1207 2359 1316 2418 operae

137 2429 272 2506 pretium
297 2433 372 2506 puto
395 2429 567 2489 tenuiorum
591 2429 698 2489 titulos
721 2448 909 2506 percensere,
935 2449 1003 2488 curn
1026 2429 1073 2489 his
1096 2429 1139 2488 nil
1163 2431 1225 2488 iere
1246 2431 1316 2490 novi

139 2519 340 2578 addiscamus.
388 2538 425 2578 55
454 2519 569 2578 5151155
597 2519 669 2596 5151,
703 2519 767 2578 dico
797 2537 892 2594 paene
920 2519 1151 2577 innumerabilia
1180 2520 1315 2595 exempla

137 2609 252 2667 Romae
270 2607 413 2681 inveniri,
432 2609 583 2684 permulta
601 2608 633 2666 in
650 2609 743 2667 Italia
763 2611 793 2666 et
811 2607 842 2666 in
861 2605 982 2682 Africa,
1001 2608 1144 2684 pauciora
1162 2607 1193 2665 in
1213 2606 1315 2667 Gallia

136 2697 326 2756 Narbonensi
344 2701 374 2756 et
393 2699 423 2756 in
437 2699 571 2774 Illyrico,
591 2698 671 2756 haud
690 2696 734 2756 ita
754 2698 850 2758 multe
868 2697 898 2755 in
914 2697 1074 2772 Hispania,
1092 2715 1163 2755 1515
1183 2698 1219 2755 ad
1238 2697 1314 2756 Rbe-

135 2791 220 2853 nar'n,
238 2805 333 2863 paene
352 2787 436 2845 nulla
455 2787 485 2844 in
500 2787 672 2846 Britannia.
700 2788 790 2862 atque
810 2787 839 2843 in
859 2787 953 2846 Italia
970 2784 1066 2864 Ostia,
1080 2786 1207 2862 Puteoli,
1226 2785 1314 2845 Mise-

137 2895 227 2949 num,
250 2875 371 2935 Veroua
399 2875 599 2935 Domitiorum
626 2875 797 2954 frequentia
824 2876 1018 2952 praecellunt,
1046 2876 1077 2933 in
1106 2874 1207 2934 aulae
1233 2875 1315 2934 Nar-

137 2967 258 3024 bonensi
283 2965 451 3024 Nemausus
475 2965 608 3040 plurima
631 2965 714 3024 dedit
738 2965 886 3041 exempla,
909 2965 941 3023 in
960 2963 1067 3039 Africa
1088 2963 1264 3024 Lambaesis
1283 2968 1315 3024 et

138 3057 243 3113 555115
260 3053 501 3127 Lambaesitana,
521 3055 552 3113 in
565 3056 690 3128 illyrico
710 3053 845 3127 Salariae,
863 3054 895 3112 in
913 3055 1065 3127 Hispania
1082 3055 1219 3114 Tarraco.
1249 3072 1313 3113 sae·

138 3143 202 3201 culi
226 3143 310 3203 tertii
334 3143 430 3203 511515
453 3145 539 3219 parte
562 3145 618 3204 hoc
640 3163 748 3203 551555
772 3144 911 3218 frequens
936 3162 1000 3202 5555
1029 3143 1131 3221 desiit,
1158 3161 1255 3220 neque
1283 3145 1315 3202 in

138 3232 374 3292 christianorum
393 3233 490 3292 titulis
509 3232 624 3310 legitur
642 3233 699 3292 nisi
713 3251 790 3292 raro.
819 3231 1007 3291 Dometius
1024 3225 1139 3313 (confer
1153 3231 1315 3309 Dckingeri

143 3321 264 3382 dissert.
280 3321 471 3382 Turiceneem
492 3323 527 3381 de
542 3323 625 3382 verb.
638 3323 691 3382 151.
705 3323 736 3380 15
750 3323 796 3382 tit.
811 3321 928 3397 graecis
943 3321 1157 3397 orthographia
1171 3320 1314 3396 scriptam

137 3431 169 3488 p.
185 3401 244 3492 3³)
266 3429 485 3487 ¹nonnunquam
509 3412 652 3487 scriptum
674 3411 769 3470 55115
788 3411 886 3470 titulis
906 3409 1030 3470 Gallicis
1049 3403 1091 3490 (V
1107 3409 1203 3469 3804.
1219 3411 1314 3469 6042.

136 3493 370 3580 meana),
403 3501 495 3559 semel
520 3498 605 3560 Antii
632 3492 672 3582 (X
693 3492 808 3580 8302),
834 3499 1039 3559 Domittius
1072 3490 1162 3578 (5551.
1190 3498 1313 3576 11511153.

137 3611 168 3666 p.
186 3581 243 3671 98)
261 3590 293 3647 15
311 3587 441 3666 Aepppto
460 3581 638 3671 (1116026)
658 3595 689 3648 51
707 3591 738 3648 15
756 3590 911 3648 Pannonia
931 3608 994 3663 sup.
1011 3579 1197 3668 (1113908).

230 3678 379 3739 Domitius
400 3698 492 3756 equos
512 3683 634 3739 vocatae
654 3683 699 3738 551
718 3680 830 3739 Romae
849 3677 905 3754 (VI
922 3669 1053 3758 10056).

610 3795 837 3854 Domitianus

231 3883 267 3942 de
286 3883 404 3944 nomine
420 3883 583 3943 Domitiani
603 3884 638 3959 51,
658 3886 708 3960 qui
727 3884 831 3943 titulos
850 3884 970 3957 1155151,
989 3883 1052 3941 1515
1066 3882 1141 3940 nihil
1156 3881 1311 3940 dicendum

138 3973 278 4034 relictum
302 3976 364 4050 est,
391 3973 491 4033 omnia
515 3975 593 4032 enim
617 3973 703 4033 115115
727 3973 840 4048 optime
863 3973 1023 4048 explanata
1046 3975 1124 4031 sunt.
1162 3971 1314 4031 invenitur

141 4063 244 4122 551515
264 4063 392 4122 55555115
411 4064 517 4140 primo,
536 4063 675 4135 secundo,
694 4063 785 4122 tertio
802 4061 930 4122 maxime
945 4062 976 4120 in
989 4063 1093 4129 Italia,
1111 4060 1264 4119 rarissime
1282 4061 1313 4118 in

141 4150 244 4212 Gallia
262 4151 462 4220 Narbonensi,
487 4151 525 4210 ad
544 4153 690 4219 Rhenum,
710 4152 740 4210 in
759 4153 935 4220 Britannia,
955 4151 986 4209 in
1004 4151 1169 4226 Hispania,
1193 4149 1313 4225 saepius

140 4241 173 4300 in
195 4241 321 4315 Illyrico
349 4245 379 4300 et
408 4241 439 4300 in
462 4239 578 4316 Africa.
621 4241 702 4300 haud
730 4259 797 4301 raro
827 4241 957 4300 secunda
984 4240 1100 4317 syllaba
1128 4239 1240 4314 scripta
1268 4241 1315 4297 551

140 4329 237 4391 vocali
255 4330 295 4390 E:
317 4330 349 4389 in
367 4332 484 4390 Moesia
507 4330 860 4408 numentanae,
884 4331 914 4389 15
937 4327 1045 4403 Africa
1060 4328 1135 4388 VIII
1151 4329 1251 4404 7426,
1275 4328 1313 4386 ad

138 4418 280 4483 Rhenum.
293 4417 387 4480 Och.
404 4422 477 4482 769.
