3088 4886
223 228 290 299 794
582 284 589 300 ,
731 232 781 288 (iu.
801 231 881 289 O'tte:

311 405 502 478 Interpronni
518 402 562 462 IX
578 404 664 464 3044
690 397 784 482 [S]ex.
807 403 916 464 Pedius
936 402 1001 463 Sex.
1025 403 1045 462 f.
1069 403 1124 464 An.
1151 404 1299 464 Lusianus
1324 403 1392 464 Hir-

518 494 614 568 rntus,
633 493 718 568 prim.
735 493 786 568 pil.
801 494 858 570 leg.
873 493 951 566 XXI,
970 489 1091 570 p1·a[ef.]
1111 493 1214 553 Raetis
1228 493 1392 554 Vindoliois

520 579 636 659 valli[s]
656 579 834 658 [Ploeninae
854 586 884 641 et
902 582 976 642 levis
996 585 1150 659 armatur,
1172 583 1235 642 IIII
1253 583 1299 644 vir
1318 583 1337 644 i.
1356 583 1393 661 d,

519 673 686 748 praefectus
694 667 887 748 Germanieffi]
895 669 1029 730 Caesaris
1038 672 1279 750 quinquennalisi
1290 669 1392 748 [']uris

520 779 557 820 ex
576 780 597 820 s.
618 781 651 840 o,
670 761 828 838 quinquen.
847 763 966 820 iterum.

312 852 401 910 huius
420 851 478 911 viri
497 851 576 909 filius
596 853 627 909 et
644 870 737 926 nepos
756 851 896 910 videntur
915 867 979 910 esse
995 849 1061 911 Sex.
1076 850 1185 910 Pedius
1205 850 1270 910 Sex.
1284 851 1305 910 f.
1319 850 1392 910 Arn.

222 943 368 1001 Hirrutus
391 942 513 1018 praetor
536 934 593 1019 (VI
614 931 715 1022 1485)
738 945 769 999 st
793 938 858 1015 Sex.
881 940 990 999 Pedius
1020 939 1084 1000 Sex.
1109 941 1129 999 f.
1152 940 1224 1002 Arn.
1249 941 1392 1000 Hirrutus

222 1031 357 1092 Lucilius
377 1029 471 1090 Pollio
495 1030 607 1106 oonsul,
630 1030 799 1105 praefectus
821 1029 916 1088 aerari
941 1029 1089 1102 militaris,
1113 1030 1233 1106 legatus
1259 1029 1393 1106 Augusti

182 1141 185 1146 ·
217 1117 382 1203 ,iuridi[aus
401 1115 558 1196 Asturiae]
577 1122 608 1178 et
627 1118 803 1196 Callaeciae,
822 1121 942 1194 praetor
961 1111 1020 1200 (VI
1035 1113 1143 1199 1486).

718 1327 900 1392 Honoratus

312 1461 349 1520 ab
372 1461 485 1519 honore
512 1460 609 1518 multa
633 1461 704 1518 orta.
723 1459 793 1518 sunt
818 1459 946 1518 nomina.
993 1461 1082 1534 atque
1112 1459 1259 1520 Honorati
1286 1479 1395 1520 nomen

225 1552 324 1612 ortum
337 1551 400 1608 fere
416 1549 533 1608 saeculo
547 1569 575 1626 p.
591 1547 623 1608 C.
637 1548 653 1606 I
667 1548 843 1626 insipiente„
854 1567 1034 1624 quamquam
1051 1549 1145 1608 servis
1160 1549 1395 1627 humillimisque

223 1659 387 1718 numquam
405 1639 578 1714 ademptum
597 1639 652 1711 est,
673 1641 775 1696 tamen
793 1639 841 1698 vel
859 1637 1077 1698 honestissimis
1093 1638 1153 1696 iam
1168 1639 1284 1697 saeeulo
1299 1639 1396 1714 primo

223 1729 338 1806 placuit
357 1731 388 1788 et
408 1728 544 1806 sequenti
567 1731 704 1804 tempore
729 1727 902 1803 saepissime
925 1727 963 1786 ab
983 1728 1025 1786 eis
1044 1731 1224 1802 usurpatum
1244 1732 1299 1788 est.
1336 1728 1395 1788 fre·

224 1818 453 1896 quentissimum
482 1821 582 1876 autem
607 1816 665 1876 fuit
696 1817 822 1876 saeeulis
845 1818 956 1894 primo,
981 1817 1123 1891 secundo,
1146 1817 1252 1894 terti03
1281 1817 1333 1876 sed
1358 1836 1396 1876 ne

223 1911 329 1986 postea
344 1908 463 1984 quidem
478 1906 615 1982 exolevit,
634 1907 724 1964 immo
738 1925 848 1981 magna
863 1907 1093 1965 christianorum
1112 1907 1274 1965 multitudo
1295 1908 1395 1966 osten-

116 2019 118 2022 ·
224 1998 269 2056 dit
299 2000 483 2076 quantopere
515 1995 732 2071 posterioribus
765 2013 882 2072 quoque
916 1995 1042 2054 saeculis
1075 1995 1218 2056 floruerit.
1260 1997 1396 2070 exempla

225 2087 298 2146 satis
322 2086 420 2144 multa
442 2085 636 2146 inveniuntur
663 2085 695 2142 in
718 2085 816 2151 Italia,
840 2085 968 2144 maxime
991 2085 1111 2152 Rornae,
1136 2085 1166 2142 in
1189 2083 1340 2152 Sardinia,
1365 2086 1397 2142 in

226 2176 332 2235 Galliis
352 2175 504 2248 Cisalpina
532 2179 561 2232 et
579 2174 774 2242 Narbonensi,
802 2174 930 2232 maxime
953 2173 1108 2240 Nemansi,
1137 2173 1175 2232 ad
1198 2174 1342 2242 Biennrn,
1365 2173 1397 2232 in

223 2265 383 2340 prouinciis
407 2263 672 2332 Raetia,·Neriao,
695 2262 860 2330 Pannonia,
884 2264 1007 2330 Moesia,
1035 2264 1197 2332 Dalmatia,
1226 2264 1334 2330 Dacia,
1363 2263 1395 2321 in

39 2351 41 2354 ’
88 2361 98 2365 “
224 2355 383 2429 Hispania,
402 2353 434 2411 in
452 2352 622 2411 Britannia.

314 2443 409 2502 multo
433 2444 534 2500 autern
558 2442 652 2500 maior
683 2444 729 2500 est
752 2439 914 2501 multitudo
933 2440 1157 2502 Honoratorum
1175 2440 1395 2515 Africanorum,

224 2533 276 2610 qui
295 2533 453 2591 maximam
473 2533 591 2606 partem
610 2530 737 2590 saeculis
758 2530 885 2591 seeundo
906 2533 937 2590 et
954 2533 1044 2591 tertio
1064 2533 1211 2592 vixerunt.

314 2622 366 2680 sed
380 2625 500 2696 praeter
515 2620 685 2680 Honoratos
701 2620 792 2680 etiam
806 2620 1008 2680 Honoratos
1029 2624 1065 2680 et
1085 2619 1262 2700 Oneratos
1283 2620 1398 2686 inveni-

224 2730 299 2770 mus.
333 2714 424 2786 atque
439 2710 578 2786 antiquos
593 2728 652 2768 non
668 2710 764 2768 solum
778 2710 921 2769 honosem
937 2710 1055 2787 dixisse,
1071 2710 1122 2768 sed
1142 2709 1233 2769 etiam
1253 2711 1290 2769 ab
1305 2711 1398 2768 hones

225 2801 390 2860 declinasse
420 2817 506 2858 oasus
535 2799 759 2858 demonstratur
785 2798 911 2856 honesto
939 2802 971 2856 et
997 2799 1155 2858 honestate
1181 2791 1272 2878 (conf.
1297 2801 1397 2858 funes·

223 2893 288 2963 tus,
315 2890 514 2962 intempestus
537 2888 655 2946 conlato
678 2877 835 2967 temperi),
864 2888 943 2945 unde
971 2887 1026 2945 hoo
1049 2887 1174 2946 verbum
1197 2889 1286 2964 plane
1315 2889 1400 2948 oneri

225 2981 423 3054 exaequatum
453 2981 510 3052 est,
544 2976 628 3035 ouius
656 2977 770 3052 primae
802 2976 923 3035 litterae
951 2977 1112 3051 inspirasse
1141 2977 1279 3053 antiquos
1311 2978 1399 3037 testis

225 3073 271 3126 est
290 3067 403 3126 Gellius
422 3066 462 3143 Il,
479 3068 497 3124 3
518 3058 631 3145 (Varro
646 3067 663 3123 l.
684 3066 702 3124 l.
718 3064 763 3124 VI
778 3067 819 3125 77
840 3066 912 3124 dieit
930 3066 1055 3143 honera,
1075 3066 1151 3128 oonf.
1170 3060 1309 3126 ‘honerat
1328 3087 1399 3143 pon-

225 3149 309 3214 dera'
332 3175 411 3231 oorp.
435 3156 524 3230 gloss.
550 3154 591 3212 IV
608 3156 663 3230 883
689 3149 810 3214 ‘honusz
836 3154 973 3230 saburra3
998 3157 1157 3215 honustus:
1182 3157 1327 3232 grabatus
1351 3157 1400 3215 vel

226 3239 390 3322 gloriosus'
415 3263 493 3320 oorp.
512 3244 602 3320 gloss,
617 3243 660 3301 IV
676 3245 754 3320 3493
775 3235 957 3325 ‘omnib(us)
977 3236 1169 3326 honorib(us)
1189 3249 1219 3304 et
1237 3245 1399 3304 honeribus

225 3327 435 3414 pe[r]lunoto’,
454 3335 531 3418 quod
552 3334 664 3410 legitur
681 3334 712 3391 in
730 3333 821 3392 titulo
841 3331 974 3393 Casinati
992 3334 1019 3391 X
1034 3325 1146 3414 5200).

315 3425 375 3483 iarn
395 3426 559 3500 sequentur
577 3423 713 3498 exempla
731 3441 835 3498 pausa.

315 3532 426 3592 Ronrae
445 3529 488 3588 VI
505 3531 612 3589 15114
633 3529 677 3588 Ti.
693 3528 834 3588 Claudius
850 3529 1030 3606 Honoratus,
1049 3529 1129 3588 filius
1145 3527 1289 3588 Claudiae
1303 3529 1399 3590 Theo·

500 3619 600 3694 philae
620 3622 651 3677 et
669 3618 764 3676 Anthi
783 3617 928 3679 Caesaris.

443 3709 487 3767 VI
503 3711 613 3768 aaron
628 3709 701 3785 4,35
718 3707 757 3768 M.
774 3707 881 3767 Vibius
897 3709 1067 3770 Honoratus
1082 3705 1167 3768 Ostia
1180 3707 1399 3785 praetorianus,

502 3818 527 3856 a.
550 3800 621 3858 143.

444 3887 488 3945 VI
504 3889 691 3948 masana
725 3887 763 3946 M.
797 3886 956 3947 Petronius
985 3888 1023 3946 M.
1056 3887 1076 3947 f.
1105 3886 1187 3958 quir.
1216 3887 1399 3963 Honoratus,
1496 3898 1498 3902 ’

502 3977 553 4078 qui
585 3977 704 4038 videtur
736 3977 902 4052 imperante
933 3976 1033 4036 Marco
1069 3977 1237 4053 praefeotus
1266 3976 1400 4054 Aegypti

444 4155 487 4214 VI
503 4066 603 4216 llCisC.
621 4157 715 4215 1057.
737 4157 821 4217 1058
841 4155 930 4214 multi
948 4155 1055 4232 vigiles
1073 4154 1205 4215 ineuntis
1226 4175 1302 4215 seeo.
1317 4155 1372 4214 III.

444 4245 588 4306 V11686
614 4243 645 4303 C.
670 4243 833 4304 Camellius
856 4245 1018 4305 Africanus
1045 4245 1197 4306 Fabianus
1229 4247 1401 4304 Honoratus

498 4335 546 4394 vir
577 4333 717 4411 egregius
745 4335 774 4394 fl.
797 4335 1063 4411 Aug.perpetuus
1090 4336 1224 4412 pontifex
1252 4326 1401 4417 (coloniae

500 4415 636 4506 Zamae),
655 4443 680 4484 a.
702 4426 774 4484 322.
841 4505 850 4526 Ι
