3078 4874
266 209 332 275 894
771 209 821 263 Gn.
841 207 921 264 Otto:

776 370 926 436 Lnoetns

357 466 507 545 Lueetius,
526 485 602 525 unus
622 485 657 525 ex
676 465 807 540 Rutulis,
827 467 909 526 ouius
928 466 1047 525 eaedem
1067 465 1294 542 narratVergil.
1306 466 1381 526 Aen.
1395 466 1440 524 IX

269 559 347 636 570,
371 575 479 616 nomen
502 555 617 631 aceepit
639 574 658 614 a
682 556 736 616 deo
760 554 896 630 Lucetio‚
922 555 973 631 qui
997 555 1094 614 dietus
1119 559 1164 615 est
1188 575 1206 614 a
1229 556 1363 616 lucendo.
1401 557 1441 614 ad

268 667 387 706 versum
407 645 616 722 Vergilianum
641 643 763 704 Servius
786 645 859 704 haee
882 645 1020 704 adnotat:
1048 645 1145 704 solum
1167 645 1223 705 hoo
1245 663 1354 704 nomen
1383 648 1440 718 est,

269 737 348 813 quod
368 735 480 794 dietum
499 733 665 810 aVergilio
683 735 714 793 in
733 735 816 793 nullo
835 734 895 793 alio
914 736 1063 810 reperitur
1082 737 1211 795 anctore.
1248 752 1319 794 sane
1332 735 1442 810 lingua

268 824 345 885 Oeea
363 825 504 885 Luoetins
529 825 576 883 est
593 823 743 900 Iuppiter,
767 824 863 883 dietus
882 843 901 882 a
923 824 1003 902 luce,
1027 841 1117 900 quam
1135 826 1289 900 praestare
1312 823 1441 884 homini-

267 915 324 974 bus
353 915 470 974 dieitur.
515 914 580 989 ipse
608 916 654 972 est
681 916 783 972 nostra
810 913 915 989 lingua
941 912 1106 989 Diespiter,
1133 913 1164 972 id
1188 917 1235 972 est
1258 913 1318 972 diei
1335 917 1441 990 pater:

268 1003 413 1064 Horatius
432 997 577 1078 ‘namque
596 1001 748 1078 Diespiter
766 1003 942 1079 plerumque
960 1022 1014 1078 per
1032 995 1166 1078 purum'.

767 1139 936 1205 Lueretius

357 1234 694 1294 nominaLueretiorum
708 1236 877 1312 montisque
887 1236 1044 1296 hoeretilis
1058 1255 1077 1294 u
1090 1236 1150 1294 lue·
1161 1239 1228 1294 orta
1242 1239 1325 1295 sunt:
1340 1236 1440 1295 forma

268 1325 365 1384 simile
389 1327 435 1384 est
458 1343 567 1411 nemen
583 1325 731 1384 Dareum
750 1315 802 1406 (ef.
816 1323 943 1385 Useneri
962 1323 1116 1385 Goettern.
1135 1346 1163 1402 p.
1176 1319 1262 1404 198).
1309 1329 1441 1402 cognata

268 1417 338 1473 sunt
351 1415 461 1482 Iaeera
480 1415 618 1483 meas,
637 1414 817 1482 Iaemtoaus,
835 1415 952 1485 Interes,
970 1415 1090 1483 Luera'o,
1109 1415 1253 1483 Laertae
1267 1415 1440 1483 Laorine'as,

268 1503 327 1563 uisi
348 1506 449 1562 tamen
472 1522 541 1580 pare
565 1504 602 1563 ad
624 1503 752 1578 luorum,
777 1503 847 1562 deos
866 1503 1002 1579 Luorios,
1027 1505 1126 1563 laeum
1144 1504 1304 1564 Lucrinum
1324 1505 1439 1564 reotius

269 1592 425 1652 referetur.

359 1682 407 1758 Sp.
423 1681 581 1742 Lueretius
601 1681 808 1759 Tricipitinus,
826 1685 913 1759 pater
932 1681 1090 1742 Lucretiae
1108 1682 1189 1741 illius
1207 1684 1332 1760 propter
1351 1681 1440 1759 pudi-

270 1771 371 1831 citiam
381 1771 572 1851 planissimae,
587 1772 690 1830 eonsul
700 1771 766 1830 suff.
776 1771 835 1830 fuit
844 1791 869 1832 a.
880 1792 909 1830 u.
920 1790 943 1831 e.
956 1774 1028 1832 245.
1047 1772 1204 1847 posthunc
1214 1772 1303 1831 multi
1313 1773 1440 1832 summis

271 1861 366 1920 iuneti
390 1864 461 1920 sunt
478 1861 649 1936 honoribus,
668 1879 742 1937 quos
761 1861 810 1919 hio
829 1880 1003 1920 enumerare
1022 1881 1121 1920 meum
1140 1863 1274 1920 nonest.
1308 1862 1441 1937 impera-

271 1955 369 2009 torum
390 1953 490 2008 autem
510 1953 610 2008 aetate
628 1950 709 2008 tituli
723 1969 817 2026 paene
832 1950 889 2010 soli
902 1951 1031 2010 nominis
1045 1951 1219 2010 memoriam
1234 1957 1441 2012 servaverunt

271 2045 361 2116 atque
385 2040 660 2115 frequentissimum
683 2039 742 2098 fuit
761 2039 887 2100 saeculis
906 2037 1018 2100 Christi
1035 2039 1146 2116 primo,
1169 2040 1315 2114 seeundo,
1334 2041 1440 2116 terti03

268 2128 443 2206 posterioris
470 2129 578 2188 aetatis
603 2128 737 2204 exempla
765 2129 918 2188 rarissima
942 2133 1019 2188 sunt
1065 2148 1205 2206 magnam
1229 2129 1440 2189 Lueretiorum

269 2218 492 2276 multitudinem
513 2218 658 2277 dederunt
677 2219 779 2287 Italia,
799 2218 900 2278 Gallia
913 2219 1121 2287 Narbonensis,
1140 2219 1304 2292 Illyricam,
1324 2217 1438 2294 Africo.

359 2305 393 2376 Q.
416 2305 573 2366 Lueretius
595 2307 728 2384 Vespillo
758 2326 815 2367 eos.
836 2327 861 2367 a.
882 2329 910 2368 u.
926 2328 949 2368 e.
969 2311 1041 2368 735.
1067 2301 1252 2388 ·[S]ulpieius
1280 2308 1434 2368 Lueretius

271 2396 373 2456 Barba
392 2415 449 2457 cos.
466 2397 531 2454 suff.
544 2399 642 2455 aetate
662 2397 800 2456 Traiana.

357 2486 503 2560 Pompeiis
520 2486 546 2543 X
563 2487 626 2545 924
646 2486 814 2546 Manlianus
833 2487 962 2563 Lucreti,
981 2505 1007 2545 a.
1021 2506 1051 2546 u.
1067 2506 1089 2546 o.
1106 2489 1179 2547 747.

359 2575 479 2650 Capuae
497 2575 623 2636 X3779
650 2573 680 2635 0.
695 2575 855 2636 Lueretius
878 2574 910 2636 O.
928 2577 948 2635 1.
968 2566 1115 2657 Apul(us)
1139 2577 1284 2654 magister
1303 2576 1440 2652 Cererus,
1518 2655 1519 2670 χ

536 2684 562 2724 a.
576 2686 604 2723 u.
619 2683 642 2723 e.
659 2667 732 2725 648.

358 2755 516 2813 Beneventi
533 2752 728 2828 1X†2082b
748 2755 889 2814 Lucretia
907 2753 1016 2815 Prima.
1518 2757 1519 2819 l

360 2843 519 2903 Lueretius
540 2843 766 2918 cognominatus
787 2848 833 2903 est
856 2845 1061 2920 Augustorum
1081 2843 1250 2904 tabularius
1268 2847 1439 2921 provinciae
1517 2901 1518 2914 .

273 2931 427 2992 Sardiniae
446 2931 472 2989 X
490 2934 584 2992 7584.
621 2932 842 3009 inscriptionem
866 2933 1058 3008 parietariam
1082 2931 1292 3010 Pompeianam
1310 2933 1355 2994 IV
1372 2937 1441 3014 97³²,
1517 2919 1518 3000 l

270 3021 302 3079 in
330 3039 389 3097 qua
416 3021 528 3095 legitur
551 3022 703 3081 Istaeriie'as
732 3021 911 3098 Admetus,
944 3021 1069 3082 Carolus
1099 3023 1333 3104 Zangemeister,
1370 3027 1442 3102 quia

271 3109 328 3168 soli
355 3109 515 3170 Garruooio
539 3110 679 3186 debetur,
707 3112 786 3170 inter
809 3112 900 3170 falsae
923 3112 972 3172 vel
996 3117 1151 3190 suspectas
1175 3113 1285 3174 reiecit.
1322 3115 1442 3173 nullum

270 3188 342 3259 novi
360 3200 541 3276 lucretium,
561 3201 612 3278 qui
630 3201 779 3276 posterior
797 3201 836 3260 sit
855 3220 898 3279 eo,
918 3202 965 3259 oni
984 3199 1103 3262 Caelius
1122 3201 1302 3262 Aurelianus
1322 3204 1442 3264 medici·

272 3288 387 3347 nalium
406 3290 630 3365 responsionum
649 3287 741 3349 libros
761 3290 910 3350 dedicavit
928 3281 1020 3370 (aaut.
1035 3291 1050 3348 I
1068 3292 1161 3366 praef.
1176 3285 1219 3369 2).
1516 3277 1517 3288 ’

731 3415 973 3476 Lucretianus
1516 3417 1517 3480 i

360 3504 415 3563 hoe
444 3522 608 3580 cognomen
630 3505 691 3562 iam
715 3523 792 3564 anno
816 3525 844 3580 p.
864 3503 895 3564 0.
917 3507 933 3563 1
958 3505 1139 3583 invenimus3
1167 3514 1273 3582 postea
1295 3509 1384 3584 pauoi
1406 3527 1443 3568 eo

271 3593 319 3651 usi
338 3596 407 3656 sunt
426 3593 603 3668 videturque
624 3593 787 3653 exolevisse
807 3595 925 3654 saeoulo
943 3594 1043 3654 tertio.

360 3681 488 3742 Abelliae'
505 3683 532 3742 X
549 3683 633 3742 1138
655 3682 762 3741 Paoeia
780 3682 967 3756 Lucretiana,
986 3687 1113 3758 cognata
1132 3685 1165 3745 P.
1179 3684 1267 3746 Paooi
1284 3687 1417 3747 Ianuari.
1514 3659 1516 3758 l

359 3771 505 3846 Peraeae
518 3772 545 3830 X
560 3775 622 3832 891
640 3766 691 3852 (of.
706 3765 786 3854 884)
800 3772 833 3832 L.
849 3770 984 3832 Obellius
998 3773 1194 3833 Lucretianus
1204 3775 1290 3851 IIvir‚
1300 3796 1326 3836 a.
1333 3797 1362 3852 p.
1372 3776 1404 3836 Ο.
1415 3781 1444 3837 1.

363 3861 470 3921 Tibure
488 3860 558 3920 XIV
575 3862 660 3922 3663
684 3861 723 3919 Μ.
742 3861 853 3920 Lurius
876 3861 914 3920 M.
933 3863 954 3922 f.
969 3862 1065 3921 Palat.
1080 3861 1278 3924 Lucretianus
1297 3871 1445 3941 patronus

378 3967 381 3972 ’
573 3950 724 4027 municipi,
743 3970 768 4010 a.
787 3953 857 4010 184.

338 4035 340 4042 '
360 4039 392 4098 in
411 4057 480 4115 apro
500 4039 626 4100 Vicetiao
644 4039 672 4097 V
689 4039 773 4099 3118
789 4039 951 4100 Vaternius
967 4039 1145 4118 Calpurnius
1161 4043 1356 4104 Lucretianus
1373 4065 1444 4120 pro·

690 4134 810 4188 curator
828 4130 907 4208 Aug.

360 4220 391 4276 in
409 4237 463 4278 ora
483 4217 610 4277 Gmaata'
628 4218 654 4275 V
671 4220 756 4278 7743
776 4217 828 4279 Cn.
843 4217 1001 4280 Lueretius
1021 4221 1225 4283 Lucretianus.

361 4306 485 4382 Superata
501 4306 532 4366 II
549 4309 632 4367 6056
653 4307 858 4377 obuersatus
877 4308 1081 4371 Lucretianus.

360 4398 391 4454 in
410 4394 516 4470 Africa
535 4395 611 4455 VIII
627 4399 732 4457 10847
753 4398 957 4459 Lucretianus.
