3078 4874
235 211 301 274 920
748 211 799 264 Gn.
819 209 897 264 Otto:

237 379 345 456 verim3
379 378 586 454 significantur
615 379 717 454 opinor
748 379 882 438 homines
910 397 980 437 rure
1008 379 1151 455 praediti,
1178 380 1227 439 vel
1255 379 1308 454 qui
1331 372 1411 436 ‘ruri

237 462 369 527 rurant’.
421 487 439 526 a
466 486 535 527 rure
563 468 684 527 nomina
711 471 890 544 acceperunt
912 467 1025 526 Rusina
1048 459 1132 546 (dea)
1155 468 1236 526 Ruso
1259 467 1410 528 Rusonins

237 557 427 616 Rusonianus
455 557 567 616 Rusius
587 548 741 637 (Raecius,
765 558 801 617 cf.
821 557 947 616 Plantae
967 576 1091 632 gramm.
1112 557 1181 615 dial.
1202 575 1259 615 oso.
1278 559 1376 616 umbr.
1395 556 1410 612 Ι

235 668 264 722 p.
280 642 358 723 205)
377 645 520 705 Rusinius
539 645 751 721 Rusiculenns,
776 665 794 704 a
812 646 923 704 rustico
938 645 1151 720 vocabulisque
1169 645 1239 704 inde
1254 646 1410 704 declinatis

234 737 376 795 Rusticus
410 725 502 816 (puel.
526 726 648 817 Rustix)
676 735 828 794 Rusticius
857 734 989 793 Rusticiu
1018 735 1209 792 Rusticianus
1237 734 1411 793 Rusticinus

237 825 397 884 Rusticilla
415 824 596 883 Rusticanue
621 824 812 883 Rusticanius
831 823 1005 883 Rusticulus
1033 823 1221 883 Rusticelius.
1267 825 1325 882 huc
1349 824 1410 881 for-

212 932 214 938 ·
235 917 315 974 tasse
335 914 426 972 etiam
439 913 609 973 Rustunnm
629 912 772 972 Umbriae
791 914 902 972 flumen
920 913 1108 971 referendum
1129 913 1181 972 est.
1220 932 1287 972 cum
1302 912 1410 971 Rustic

235 1005 395 1079 cognatum
419 1005 465 1062 est
483 1003 634 1060 Rustenus
653 993 735 1082 (vide
756 1021 863 1062 nomen
883 1004 1035 1061 etruscum
1053 1001 1239 1061 simillimum
1259 1021 1305 1078 ap.
1322 1001 1409 1060 Febr.

236 1092 325 1169 gloss.
336 1092 399 1151 ital.
408 1112 437 1166 p.
450 1083 558 1173 1564).
588 1111 623 1150 ex
642 1092 745 1150 eodem
764 1092 911 1151 vocabulo
937 1091 1015 1166 apud
1042 1090 1144 1150 Gallos
1163 1110 1270 1150 nomen
1290 1109 1409 1167 accepe-

234 1183 308 1239 runt
325 1181 448 1240 Raurici
472 1173 523 1262 (cf.
539 1179 662 1258 (Rueck,
681 1181 748 1240 celt
767 1200 814 1256 ap.
830 1178 914 1239 ans.
929 1199 1007 1240 nom.
1021 1200 1050 1256 p.
1067 1171 1154 1260 143).
1318 1257 1321 1263 Ι

324 1289 432 1328 nomen
457 1269 558 1329 Raetii
581 1270 709 1345 septimo
733 1269 816 1330 urbis
841 1271 959 1329 saeculo
983 1270 1108 1328 exeunte
1132 1267 1252 1328 videtur
1274 1268 1305 1326 in
1324 1288 1411 1328 usum

237 1361 391 1434 receptum
421 1377 487 1418 esse
515 1360 546 1417 et
573 1360 716 1434 quattuor
744 1359 899 1418 duravisse
933 1359 1060 1418 saecula.
1111 1357 1264 1417 invenitur
1291 1358 1410 1431 Rornae,

236 1449 266 1505 in
290 1465 360 1521 aare
383 1445 514 1515 Albano,
541 1448 672 1524 Tusculi,
700 1449 819 1516 Tibure,
847 1448 953 1520 Sutrii,
982 1449 1108 1507 Trebula
1126 1449 1291 1514 Mutuesca,
1314 1444 1409 1514 Auel.

235 1536 407 1603 Beueaeull,
430 1537 588 1610 Pompeias,
607 1537 747 1605 Puteolis,
766 1538 797 1596 in
815 1536 969 1611 Sardinia,
990 1536 1157 1604 Cremonae,
1177 1537 1315 1603 Briareo,
1333 1536 1409 1594 Ber-

233 1628 320 1702 aouu',
339 1626 369 1684 in
389 1625 539 1699 Hispania
559 1625 691 1694 Terrae..
710 1627 741 1685 in
755 1628 930 1694 Brllouua'a,
950 1627 981 1684 in
995 1628 1101 1699 Dacia,
1121 1627 1151 1684 in
1165 1625 1322 1686 Paunoula
1335 1644 1410 1699 sup..

236 1715 267 1772 in
286 1714 402 1774 Norica.

326 1803 438 1862 Romae
458 1803 500 1860 VI
517 1805 623 1864 25632
644 1799 762 1864 ‘Rastia
783 1805 848 1865 ).1.
864 1803 1014 1864 Corinthia
1035 1824 1081 1862 an.
1097 1803 1156 1877 VI.
1173 1821 1214 1863 os.
1230 1803 1294 1862 heic
1313 1823 1335 1862 s.
1351 1797 1387 1862 ι’

455 1892 500 1951 VI
514 1895 620 1953 25631
641 1895 749 1954 Rastia
768 1893 800 1952 O.
815 1893 845 1953 Ο.
863 1894 894 1952 ).
910 1892 941 1952 O.
956 1893 1133 1952 Arbuscula.

328 1982 486 2040 Beueoeull
503 1981 545 2040 IX
563 1985 646 2042 1582
668 1983 719 2043 Cn.
735 1984 865 2042 Marcius
885 1981 916 2042 0.
930 1981 1010 2040 filius
1024 1982 1148 2040 Raetias
1164 1978 1301 2056 [Rufinus
1315 1981 1411 2054 praef.

563 2069 743 2147 co]hortium
774 2073 915 2149 vigilum,
942 2072 1132 2148 praepositus
1161 2065 1310 2145 an[n0nae
1338 2069 1411 2144 imp.

562 2160 596 2220 L.
620 2157 759 2237 Septimi]
797 2161 900 2221 Severi
928 2160 975 2220 Pii
1001 2159 1147 2219 Perticae.
1174 2164 1205 2218 et
1233 2159 1271 2216 M.
1295 2157 1412 2216 Aurelii

562 2246 722 2325 Ant0n[ini
745 2246 859 2326 Aagg]
883 2268 907 2308 e.
924 2270 950 2325 q.
966 2268 989 2308 s.
1009 2240 1125 2328 (confer
1145 2265 1320 2325 prosopagr.
1340 2247 1411 2322 imp.

563 2339 645 2398 Rom.
661 2337 691 2396 ΙΙ
709 2359 737 2414 p.
754 2330 851 2421 333).

327 2425 412 2487 Aullc‘
430 2428 457 2485 X
472 2418 617 2488 668οΜ2·
641 2421 687 2497 Ὁ.
706 2427 831 2486 Raetias
856 2429 894 2486 M.
914 2429 934 2486 s.
953 2428 1090 2486 duumvir
1108 2428 1143 2485 de
1164 2444 1219 2485 sua
1238 2443 1303 2502 peq.
1318 2417 1411 2484 fecit?

465 2509 613 2596 (eiusdem
632 2535 738 2576 nomen
756 2517 886 2577 fortasse
900 2516 990 2576 estin
1004 2535 1125 2576 nummo
1140 2516 1218 2575 eirca
1232 2534 1258 2575 a.
1267 2534 1297 2574 u.
1308 2533 1332 2572 c.
1345 2513 1407 2574 735

466 2623 544 2679 cuso,
564 2606 639 2665 conf.
659 2606 836 2665 Mommseni
855 2601 979 2684 adnot).

327 2694 359 2752 in
376 2695 484 2754 Norico
502 2694 549 2753 ΙΠ
563 2697 650 2755 5690
675 2695 711 2753 Μ.
726 2695 851 2754 Rustius
871 2695 902 2753 P.
918 2691 950 2770 [f.
966 2691 1125 2769 Humanas
1146 2694 1186 2753 bf.
1201 2689 1274 2770 c[os.
1289 2689 1413 2770 ssep-H

562 2783 631 2842 Ital.
645 2804 673 2860 p.
688 2784 709 2842 f.
724 2779 970 2860 [Se]v[erianae]‚
989 2802 1015 2844 a.
1030 2784 1103 2842 230.

327 2872 422 2932 multo
447 2871 596 2948 antiquins
616 2873 672 2931 hoc
689 2890 798 2931 nomen
817 2877 909 2950 esset,
928 2873 954 2931 si
978 2891 1048 2930 vcra
1073 2872 1261 2930 crederemus
1283 2871 1408 2945 prodere

239 2960 390 3020 Parallela
413 2979 489 3036 quae
509 2961 649 3019 dicuntur
663 2960 817 3020 Plutarchi
836 2961 951 3020 minora
966 2979 1029 3036 cap.
1050 2963 1106 3038 243
1124 2961 1168 3020 ibi
1188 2960 1267 3019 enim
1287 2979 1323 3019 ex
1345 2961 1410 3018 Ari-

239 3049 325 3108 stidis
348 3049 462 3108 Italicis
486 3052 626 3107 narratur
650 3050 818 3110 Hannibale
843 3048 1037 3125 Campaniam
1061 3049 1223 3126 populante
1242 3044 1410 3110 ‘Potcuov

238 3133 373 3198 Λουκίου
402 3134 580 3213 Θύμβριδοε
607 3133 678 3198 υἱὸν
704 3159 722 3198 a
750 3139 860 3199 sororis
884 3140 992 3198 marite
1015 3143 1153 3198 necatum
1178 3155 1251 3197 csse.
1299 3137 1351 3198 sed
1374 3138 1414 3212 {et

238 3228 311 3286 haec
333 3228 559 3287 narratiuncula
582 3230 613 3287 et
635 3227 725 3304 aliae,
749 3249 823 3306 quae
848 3247 884 3288 ex
907 3228 1011 3288 eodem
1034 3228 1117 3286 fonte
1136 3229 1263 3287 haustae
1282 3245 1348 3287 esse
1367 3227 1410 3285 di·

237 3319 361 3390 cuntur,
388 3317 433 3376 ita
459 3321 648 3392 comparatae
677 3320 759 3392 sunt,
787 3322 822 3376 ut
846 3317 935 3376 fidem
963 3318 1006 3377 eis
1034 3318 1145 3376 habere
1167 3335 1227 3375 nen
1251 3318 1410 3394 possimus.

237 3409 306 3481 post
334 3407 455 3464 caedem
481 3404 582 3465 Crassi
609 3407 641 3465 in
662 3406 751 3464 Rusti
772 3407 993 3484 impedimentis
1023 3407 1166 3466 Aristidis
1189 3405 1411 3466 Milesiacorum

238 3494 309 3553 libri
321 3495 433 3555 inventi
454 3497 525 3554 sunt
539 3486 633 3576 (Plat.
650 3493 747 3556 (irasc.
763 3490 829 3576 32).
867 3496 900 3554 T.
915 3496 1039 3554 Rustius
1055 3495 1214 3554 Nummius
1230 3495 1335 3556 Gallus
1350 3496 1410 3554 fnit

237 3602 295 3642 eos.
311 3584 376 3642 suff.
391 3603 417 3642 a.
435 3605 462 3659 p.
478 3582 509 3643 O.
530 3585 570 3643 18
591 3577 658 3666 (sed
677 3585 777 3644 confer
794 3603 966 3661 prosopcgr.
984 3585 1055 3660 imp.
1074 3585 1157 3645 Rom.
1172 3584 1220 3642 ΠΙ
1234 3605 1263 3661 p.
1282 3584 1413 3644 147ec1

237 3693 265 3748 p.
282 3665 370 3752 336).
412 3673 445 3731 T.
463 3673 589 3732 Rustius
613 3672 722 3749 Caepio
744 3675 872 3733 fortasse
896 3693 954 3734 cos.
974 3675 1040 3734 suff.
1060 3693 1086 3735 a.
1103 3677 1164 3734 173
1184 3694 1213 3749 p.
1228 3672 1260 3734 (l.
1274 3674 1335 3733 fait
1353 3667 1411 3754 (VI

240 3763 335 3838 2222,
350 3762 425 3822 conf.
440 3762 572 3820 Henneni
591 3754 715 3841 adnot).

732 3870 914 3930 Rustenus

330 3965 556 4040 Caesarobrlaue
574 3967 605 4025 H
620 3969 682 4027 941
704 3965 735 4027 O.
748 3967 901 4028 Rustenus
921 3969 1079 4028 Decianus.

742 4103 906 4169 sacratius

329 4205 367 4264 ad
385 4207 519 4266 Rhemum
538 4207 633 4267 OIRh.
649 4208 712 4267 832
732 4207 766 4268 Ia
785 4208 938 4270 sacratius
963 4209 1138 4268 Sacerianus
1159 4212 1190 4267 et
1210 4207 1361 4268 Sacratius
1381 4211 1410 4266 et
1521 4177 1522 4184 ἵ

650 4295 771 4356 Saenius
790 4297 843 4356 filii
863 4298 897 4358 L.
912 4297 1006 4358 Senili
1025 4297 1149 4358 Sacrati.

330 4383 397 4443 vide
416 4402 580 4460 cognomen
597 4383 723 4447 &aare
815 4415 817 4418 ·
