3088 4886
208 277 271 345 756
716 281 768 338 Ga.
788 281 866 337 Otto:

295 471 367 511 num
388 452 534 512 Graccum
554 455 600 512 cst
618 445 736 512 dicor?
774 471 812 512 an
831 453 868 511 ab
888 452 1016 528 algendo
1036 449 1177 511 ductum?
1216 451 1379 512 stramen

207 541 309 601 Alsius
329 545 360 602 et
378 542 491 620 Alaeus,
510 561 585 619 quae
605 543 765 619 praeduxit
784 541 954 619 Aquileiam
974 534 1065 623 (Plin.
1081 562 1108 600 n.
1124 541 1152 600 h.
1166 540 1214 599 ΙΠ
1230 533 1316 619 126).

726 717 861 782 Anatus

294 831 349 890 hoc
367 839 475 890 nomen
493 829 531 888 ad
550 831 648 889 cetera
666 829 788 890 nomina
807 828 962 889 abeodem
977 828 1068 887 verbo
1083 827 1209 886 oriunda
1227 829 1258 885 et
1277 826 1376 903 ipsum

206 919 391 996 gentilicium
414 919 553 978 Amatius
580 919 732 978 rarissime
760 919 919 978 invenitur,
961 936 1029 976 cum
1058 918 1136 976 enim
1164 917 1225 975 iam
1256 917 1379 975 ineunte

207 1014 312 1068 octavo
331 1029 360 1068 u.
376 1027 400 1068 c.
420 1010 537 1068 saeculo
556 1009 588 1066 in
605 1027 663 1067 usu
682 1009 774 1068 fuisse
793 1009 939 1083 probetur
957 1006 1108 1082 gentilicio
1128 1005 1275 1079 Amatius,
1298 1006 1378 1080 quod

206 1098 319 1158 liberae
338 1098 518 1174 reipublicae
533 1097 639 1156 titulus
654 1098 786 1172 praebet,
805 1115 901 1174 neque
915 1097 969 1154 illa
983 1098 1082 1154 aetate
1096 1095 1216 1154 videtur
1234 1095 1376 1170 frequens

206 1187 313 1260 fuisse,
332 1206 429 1264 neque
447 1189 553 1262 postea
570 1187 643 1262 fuit,
668 1191 697 1245 et
720 1185 900 1262 paucissima
918 1185 949 1244 in
968 1185 1065 1244 titulis
1085 1183 1170 1244 nobis
1189 1183 1312 1258 reliquit
1330 1202 1378 1242 vc-

208 1277 306 1354 stigia,
325 1296 453 1353 quorum
472 1275 709 1335 recentissimum
729 1278 776 1334 est
795 1273 905 1334 saeculi
923 1275 986 1333 fere
1006 1275 1110 1350 quinti.

295 1365 390 1424 multo
414 1366 510 1442 magis
528 1364 671 1424 Romanis
694 1363 872 1440 placuerunt
894 1364 1014 1424 nomina
1036 1363 1190 1422 Amandus
1213 1365 1244 1422 ot
1270 1361 1381 1420 Aman-

207 1454 276 1528 tius,
296 1455 414 1514 saeculo
434 1454 529 1529 primo
548 1453 652 1512 fiotum
671 1456 839 1530 utrumque.

295 1545 407 1602 Romae
421 1545 512 1602 semel
526 1543 628 1603 inveni
641 1543 672 1601 in
686 1542 776 1602 titulo
787 1543 898 1602 saeculi
914 1545 948 1602 ut
958 1543 1062 1618 opinor
1073 1541 1195 1600 secundi
1207 1540 1250 1599 VI
1262 1541 1379 1600 23517.

204 1635 363 1709 praeterea
394 1631 477 1690 tituli
504 1633 671 1700 Puteolani,
707 1632 888 1706 Pompeiani,
925 1629 1056 1690 Atellani
1088 1630 1207 1708 singula
1235 1630 1381 1688 dederunt

207 1722 350 1798 exempla,
365 1741 490 1796 quorum
501 1722 742 1796 antiquissimum
756 1721 874 1780 videtur
889 1739 953 1780 csse
962 1721 993 1779 in
1003 1721 1093 1779 titulo
1104 1719 1244 1778 Atellano
1254 1718 1281 1777 X
1293 1721 1379 1778 3744

208 1809 344 1870 Caesaris
364 1811 495 1888 Augusti
514 1811 576 1869 fera
595 1811 694 1869 aetate
714 1811 833 1886 scripto.
870 1811 929 1868 iam
949 1809 1090 1869 deficiunt
1111 1809 1246 1882 exempla
1266 1807 1378 1866 Italica.

296 1920 388 1958 unum
412 1900 502 1975 idque
534 1899 732 1958 christianum
757 1900 849 1958 habes
874 1897 968 1958 Albae
991 1900 1152 1958 Heluorum
1170 1896 1262 1973 nat
1285 1899 1379 1957 2661.

206 1988 347 2047 Amatam
372 2008 462 2048 unam
485 1988 586 2048 inveni
609 1989 641 2046 in
659 1985 767 2061 Africa
784 1988 860 2047 VIII
876 1991 997 2048 16764.
1034 1989 1064 2046 in
1083 1988 1233 2061 Hispania
1256 1986 1380 2046 Baetica

206 2077 315 2136 titulus
334 2077 465 2137 115463
486 2077 629 2135 Amatam
654 2080 785 2137 actorem
803 2079 936 2153 praebet.
974 2078 1111 2152 superest
1135 2076 1242 2134 titulus
1262 2077 1379 2134 Delma-

206 2169 279 2226 ticas
291 2167 339 2226 ΙΙΙ
355 2169 448 2226 1734.

294 2255 327 2313 hi
345 2255 480 2314 homines
499 2275 600 2315 omnes
619 2256 720 2314 infimo
740 2256 805 2314 loeo
827 2255 964 2314 videntur
983 2255 1047 2314 nati
1067 2275 1140 2314 esse.

295 2346 423 2404 Amatae
438 2336 491 2425 (an
507 2345 608 2403 Amita
623 2345 785 2404 secundum
801 2345 978 2420 Dionysium
993 2345 1104 2404 rectius
1119 2336 1282 2424 vocaturi)
1298 2343 1379 2419 regis

206 2433 306 2492 Latini
326 2434 436 2511 uxoris,
456 2438 486 2492 et
504 2433 653 2511 virginum
669 2434 846 2506 Vestalium,
867 2453 942 2508 quae
957 2433 1084 2491 Amatae
1103 2433 1183 2492 inter
1202 2433 1379 2508 capiendum

207 2543 226 2581 a
241 2523 380 2598 pontifice
394 2523 523 2582 maximo
538 2517 767 2597 adpellabantur
781 2515 872 2604 (Gall.
889 2523 903 2580 Ι
920 2516 976 2601 12)
991 2523 1171 2582 mentionem
1185 2521 1290 2581 fecisse
1305 2521 1379 2580 satis

206 2613 302 2671 habeo
321 2605 371 2692 (ef.
391 2611 532 2671 Bueohel.
551 2611 582 2669 in
600 2612 675 2671 Mus.
696 2611 789 2671 Rhcn.
810 2612 866 2672 vol.
884 2615 923 2672 53
943 2631 1011 2688 pag.
1029 2605 1115 2692 206).

709 2783 883 2848 Ambustus

295 2914 343 2974 Ab
367 2915 548 2975 amburendo
572 2915 657 2974 Fabii
683 2913 824 2973 Ambusti
847 2933 1009 2992 cognomen
1032 2917 1224 2992 acceperunt,
1252 2933 1379 2992 quorum

206 3004 319 3080 primus
339 3005 526 3064 consulatum
545 3003 672 3080 adeptus
692 3007 738 3064 est
759 3023 784 3063 a.
799 3024 827 3062 u,
844 3006 917 3064 312.

295 3111 349 3168 per
367 3113 459 3152 unum
479 3094 540 3153 fere
556 3093 706 3154 saeculum
722 3095 776 3152 boe
794 3112 901 3152 nomen
920 3093 951 3150 in
969 3094 1058 3168 gente
1072 3092 1167 3152 Fabia
1187 3093 1296 3170 viguit3
1313 3094 1379 3150 tum

207 3182 237 3242 in
256 3182 320 3241 eius
339 3182 438 3243 locum
457 3184 653 3242 substitutum
673 3185 720 3243 est
739 3201 902 3258 cognomen
921 3181 1050 3242 Maximi.

296 3272 359 3350 sinc
374 3272 464 3331 dubio
478 3271 612 3332 fulminis
627 3272 703 3332 ictus
722 3273 819 3348 primo
833 3271 982 3330 Ambusto
1001 3272 1183 3348 cognominis
1202 3290 1293 3330 eausa
1311 3271 1377 3330 fuit.

207 3357 328 3422 Servius
352 3361 431 3420 enim
455 3360 493 3420 ad
517 3360 591 3420 Aen.
607 3362 638 3419 II
655 3365 716 3422 649
743 3360 902 3420 memoriae
925 3361 1019 3419 tradit
1041 3360 1126 3418 haee:
1154 3353 1237 3419 ‘sane
1261 3360 1296 3418 de
1321 3361 1378 3418 ful-

207 3450 337 3508 minibus
360 3451 415 3508 hoc
439 3449 582 3524 scripturn
607 3450 638 3508 in
663 3449 823 3527 reconditis
843 3450 1008 3522 invenitur,
1032 3448 1112 3524 quod
1136 3448 1163 3507 si
1186 3469 1274 3524 quem
1298 3443 1378 3524 plin-

208 3539 305 3614 cipem
324 3538 454 3598 civitatis
474 3540 522 3597 vel
540 3557 642 3616 regem
661 3539 775 3598 fulmen
800 3537 949 3598 afflaverit
968 3541 999 3597 ct
1017 3537 1224 3614 supervixerit,
1243 3542 1379 3614 posteros

209 3628 272 3686 eius
296 3627 411 3687 nobiles
433 3629 551 3687 futuros
576 3631 607 3687 et
629 3631 769 3688 aeternae
793 3621 928 3704 gloriae'‚
952 3629 983 3686 et
1001 3627 1127 3686 Fabium
1151 3627 1312 3704 quendam,
1332 3628 1379 3686 cui

208 3717 330 3775 Eburno
359 3735 523 3791 cognomen
552 3719 618 3775 erat
645 3719 768 3792 propter
790 3717 964 3794 candorem,
992 3717 1101 3776 Festus
1129 3716 1224 3775 tradit
1247 3707 1290 3798 (p.
1314 3717 1377 3776 316

210 3797 342 3885 Thewr.)
357 3805 473 3880 pullum
482 3805 503 3862 J
505 3806 568 3865 ovis
583 3823 647 3864 esse
662 3805 785 3880 dictum,
800 3807 879 3882 quod
894 3805 972 3865 uatis
989 3807 1052 3865 eius
1066 3803 1191 3865 fulmine
1205 3805 1265 3864 icta
1279 3806 1379 3865 fuerit.

208 3894 314 3952 similis
339 3913 428 3953 causa
447 3894 533 3952 Arsis
557 3899 587 3953 et
605 3893 724 3954 Assatis
747 3894 866 3955 videtur
889 3895 1009 3952 nomina
1029 3895 1158 3972 dedisse,
1184 3897 1232 3954 vel
1250 3895 1379 3954 fortasse

208 3982 296 4061 ignis,
316 3982 413 4061 qualis
433 3983 545 4042 exarsit
563 3983 594 4041 in
613 3985 710 4060 eapite
729 3983 815 4044 Servi
834 3983 915 4041 Tulli
934 3976 1013 4065 (Liv.
1028 3984 1043 4042 I
1058 3976 1125 4066 39).

707 4155 889 4239 ampliatus

297 4289 352 4347 hoc
371 4305 535 4364 cognomen
553 4286 672 4346 videtur
690 4288 790 4346 ortum
809 4306 873 4346 asse
897 4287 1019 4346 ineunte
1038 4288 1155 4346 saeculo
1174 4307 1202 4362 p.
1217 4285 1248 4347 O.
1268 4288 1378 4362 primo;

209 4378 302 4439 servis
317 4377 403 4436 initio
417 4377 626 4453 imponebatur
641 4378 672 4435 et
690 4377 720 4434 in
739 4393 796 4436 usu
811 4394 964 4436 servornm
980 4377 1098 4451 mansit,
1117 4377 1189 4436 lieet
1207 4377 1295 4453 pauci
1308 4377 1378 4436 Arn-

207 4467 295 4545 pliati
325 4467 441 4528 altioris
465 4465 620 4544 dignitatis
643 4466 755 4543 gradus
783 4465 885 4542 adepti
913 4466 981 4526 sint.
1017 4466 1295 4544 frequentissimum
1320 4465 1380 4526 fuit
