3088 4886
215 256 279 320 ’148
720 257 772 314 Gn.
793 259 873 314 Ottor

217 425 294 502 cipia
313 428 482 505 cognoscet,
500 426 553 503 qui
572 427 723 485 nominum
743 427 872 504 origines
891 428 1034 504 indagare
1054 427 1204 488 studuerit
1225 445 1285 488 444
1303 429 1387 487 Itali·

215 534 315 575 corum
336 516 442 592 solum,
462 517 512 575 sed
534 515 625 575 etiam
640 514 829 576 Celticorum.
857 517 938 577 nosti
956 517 1035 576 enim
1054 515 1210 576 Camulnm
1231 516 1386 578 Gallorum

214 605 312 678 deum,
336 624 354 663 a
378 624 436 681 quo
454 624 513 665 non
533 606 629 664 solum
653 603 880 666 Camulodunon
900 609 931 665 41
949 606 1184 666 Andecamulum
1199 606 1320 667 nomina
1338 626 1384 666 ac-

216 696 370 769 ceperunt,
394 694 446 753 sed
466 693 557 752 etiam
578 693 695 752 Camuli
714 697 745 754 et
760 693 901 755 Camulae
921 696 994 755 satis
1014 697 1117 773 multi3
1137 695 1269 754 eiusdem
1285 699 1385 754 autem

213 784 332 858 generis
356 785 403 842 est
420 801 527 841 nomen
545 777 752 855 Καμουλάτου
770 785 860 858 111144,
881 785 964 844 44144
979 786 1123 844 memoria
1142 788 1188 843 est
1206 785 1285 861 apud
1304 785 1384 844 Plut.

212 871 243 929 in
271 871 365 930 Bruto
385 873 426 931 49
453 865 503 947 (41.
527 871 651 930 Holderi
674 873 849 931 thesaurum
873 874 994 950 linguae
1023 865 1178 954 Celticae).
1216 893 1252 933 ex
1269 873 1384 932 Italicis

212 961 271 1018 huc
286 963 422 1036 spectant
437 960 584 1037 Cacatius,
599 960 730 1038 Ianatus,
745 960 908 1022 Pukalatril
922 956 995 1043 (ose.
1011 954 1095 1044 dat),
1110 963 1206 1021 multa
1221 963 1289 1039 alia,
1309 982 1384 1039 quae

212 1069 281 1110 mox
299 1051 518 1109 tractabuntur.

301 1140 399 1198 multa
416 1139 510 1214 igitur
532 1138 653 1198 nomina
676 1139 800 1216 antiqua
823 1159 842 1198 a
864 1140 1029 1216 participiis
1054 1141 1283 1200 denominativis
1307 1159 1384 1216 quae

213 1227 354 1287 dicuntur
368 1229 436 1286 orta
451 1230 536 1304 sunt3
555 1228 607 1286 sed
623 1247 657 1286 ex
673 1228 751 1288 veris
765 1230 933 1304 participiis
947 1229 1068 1289 nomina
1086 1229 1199 1306 fingere
1213 1231 1292 1304 apud
1307 1231 1384 1289 anti·

213 1334 288 1392 quos
316 1316 408 1376 moris
434 1319 515 1375 certe
537 1336 596 1376 non
620 1317 740 1376 videtur
769 1318 869 1377 fuisse.
912 1317 1071 1378 Condetios
1096 1336 1180 1393 sane,
1209 1319 1260 1395 qui
1284 1319 1384 1378 estin

213 1405 422 1482 antiquissimo
446 1405 538 1464 titulo
557 1404 573 1462 I
593 1407 669 1481 187,
689 1425 707 1464 4
730 1406 894 1466 condiendo
919 1408 966 1467 vel
991 1425 1008 1464 a
1034 1407 1185 1467 condendo
1204 1408 1301 1467 dictus
1320 1425 1384 1466 esse

211 1497 321 1570 potest,
341 1497 371 1552 41
385 1493 511 1552 Acutius
531 1513 557 1552 a.
571 1513 600 1555 u.
616 1513 640 1554 c.
656 1495 718 1554 353
739 1496 879 1555 tribunus
898 1496 995 1572 plebis
1014 1495 1073 1555 fuit
1092 1499 1169 1555 teste
1188 1495 1274 1556 Livio
1294 1498 1383 1573 5,10;

212 1583 262 1642 sed
291 1583 380 1642 huius
404 1602 512 1642 nornen
536 1602 571 1641 ea
596 1601 628 1643 re
648 1603 666 1642 a
685 1583 829 1643 Condetio
849 1585 1002 1645 diversum
1021 1589 1080 1662 est,
1100 1586 1178 1660 quod
1198 1589 1303 1644 acutus
1322 1585 1382 1644 iam

211 1672 342 1748 antiquis
367 1672 553 1747 temporibus
583 1691 619 1731 ex
637 1673 795 1748 participio
818 1674 932 1733 facturn
951 1677 998 1732 eet
1017 1673 1204 1734 adiectivum
1243 1673 1383 1732 similiter

211 1761 237 1820 si
251 1760 428 1836 cognomina
443 1761 688 1835 contemplamur,
709 1761 835 1836 adparet
848 1762 1034 1838 temporibus
1049 1763 1181 1839 antiquis
1196 1763 1270 1821 setis
1285 1764 1381 1821 multa

210 1850 242 1908 in
264 1868 323 1909 usu
348 1849 441 1908 fuisse
468 1849 636 1925 participiis
660 1850 782 1926 similia,
810 1851 990 1926 paucissima
1019 1855 1156 1910 autema
1184 1852 1262 1910 veris
1290 1852 1383 1925 parti·

211 1937 294 2012 cipiis
319 1938 458 1997 oriunda:
491 1941 582 2015 atque
610 1939 717 1997 horum
741 1939 799 1996 iem
825 1959 916 2016 supra
939 1940 1118 1999 mentionem
1144 1941 1213 2014 feei,
1236 1941 1290 1998 illa
1314 1943 1384 1998 sunt

211 2026 362 2085 Barbatus
382 2017 436 2107 (M.
456 2025 600 2085 Horatius
619 2027 783 2105 Barbatus,
802 2047 859 2087 cos.
880 2048 904 2087 a.
926 2051 953 2089 u.
975 2020 1063 2109 305),
1084 2027 1233 2087 Cornutus
1254 2021 1382 2108 (4441-

212 2115 307 2190 picius
332 2114 505 2174 Camerinus
530 2113 695 2192 Cornutus,
723 2134 781 2175 cos.
806 2136 832 2174 a.
852 2138 879 2175 u.
901 2114 995 2197 264),
1019 2117 1168 2176 Dentatus
1188 2112 1249 2196 (Μ’.
1274 2117 1382 2176 044144

210 2205 378 2282 Dentatus,
411 2222 469 2263 cos.
503 2224 529 2262 4.
562 2225 590 2264 4.
620 2199 713 2285 464),
750 2205 946 2265 Diadematus
981 2198 1029 2285 (L.
1063 2205 1209 2265 Caecilius
1243 2207 1382 2264 Metellus

209 2293 418 2366 Diadematus,
447 2311 505 2352 eos.
534 2312 559 2351 4.
584 2314 612 2351 4.
639 2290 731 2372 637),
765 2294 878 2354 Dotate
907 2287 1065 2376 (Megullia
1093 2295 1219 2368 Dotata,
1252 2295 1288 2353 of.
1316 2294 1382 2353 Val.

210 2381 287 2443 Max.
306 2383 337 2460 4,
356 2383 385 2458 4,
406 2375 472 2461 10),
492 2381 623 2440 Fabatus
645 2375 692 2462 (L.
713 2383 838 2442 Roscius
857 2384 1004 2461 Fabatus,
1030 2381 1237 2458 Caesarianus,
1263 2385 1298 2442 41,
1323 2377 1382 2442 Cic.

211 2470 249 2528 ad
268 2471 333 2528 Att.
348 2469 423 2528 VIII
444 2472 493 2542 12,
514 2461 558 2550 2),
578 2469 713 2529 Lanatus
732 2463 882 2552 (Agrippa
898 2473 1052 2531 Menenius
1071 2471 1219 2547 Lanatus,
1239 2490 1296 2532 cos.
1313 2491 1338 2532 4.
1353 2493 1381 2531 4.

211 2551 300 2640 251),
324 2559 536 2618 Praetextatus
562 2551 611 2638 (Q.
636 2559 783 2635 Sulpicius
809 2561 1029 2638 Praetextatus,
1053 2562 1123 2620 trib.
1146 2562 1207 2622 mil.
1233 2563 1382 2621 consulari

209 2652 271 2724 pot.
302 2667 329 2707 a.
353 2666 382 2708 n.
414 2642 509 2726 323),
545 2648 716 2724 Torquatus
745 2641 793 2729 (T.
820 2651 950 2710 Manlius
982 2651 1168 2724 Capitolinus
1200 2651 1381 2726 Imperiosus

210 2737 394 2814 Torquatus,
418 2755 476 2796 coe.
497 2757 522 2795 4.
542 2757 570 2797 u.
590 2731 684 2818 407),
709 2738 858 2798 Tubertus
878 2732 926 2820 (P.
946 2739 1117 2798 Postumius
1138 2739 1296 2815 Tubertus,
1324 2759 1381 2800 cos.

209 2845 235 2884 4.
250 2847 278 2885 4.
299 2827 387 2886 249.

297 2818 458 2991 4441144444
478 2916 578 2973 autem
597 2933 714 2992 omnes,
737 2935 774 2974 ne
793 2915 888 2974 infimi
911 2916 1031 2993 quidem
1060 2917 1116 2976 loci
1145 2917 1314 2977 hominibus
1334 2939 1382 2978 ex·

210 3003 315 3079 clusis,
338 3003 398 3062 tria
420 3004 540 3062 nomina
563 3004 673 3063 habere
692 3010 861 3080 coeperunt,
881 3023 946 3064 cum
968 3005 1074 3066 ceteris
1095 3007 1186 3065 etiam
1205 3009 1381 3083 cognomina

209 3111 227 3151 a
257 3093 333 3153 veris
356 3092 521 3168 participiis
545 3094 672 3152 oriunda
699 3093 730 3151 14
755 3113 842 3152 usum
867 3097 987 3170 recepta
1016 3099 1086 3170 sunt
1106 3097 1275 3173 permulta,
1304 3117 1381 3172 quae

174 3215 176 3218 ·
208 3182 339 3257 primum
362 3181 441 3258 apud
465 3199 579 3258 servet,
601 3182 770 3259 1114411444,-
794 3184 916 3242 hnmilis
939 3185 997 3244 loci
1014 3185 1159 3260 ingenuos
1179 3185 1380 3264 inveniuntur,

208 3271 293 3331 brevi
312 3273 413 3330 autem
431 3290 467 3328 44
487 3272 525 3330 ab
544 3272 765 3331 honestioribus
784 3273 904 3349 quidem
924 3277 1025 3350 spreta
1043 3277 1151 3350 postea
1170 3276 1218 3334 vel
1233 3276 1380 3335 nobilissi-

208 3361 265 3418 mis
296 3361 535 3435 imponebantur.
583 3365 673 3436 atque
698 3381 735 3420 ex
761 3363 808 3420 his
837 3364 1062 3438 cognominibus
1092 3382 1198 3422 rursus
1225 3365 1380 3440 gentilicia

209 3456 275 3509 orta
294 3451 372 3510 sunt.

297 3558 355 3598 444
383 3539 490 3598 1441114
514 3539 571 3598 4411
596 3539 697 3614 paucis
721 3541 821 3600 verbis
847 3541 1000 3600 nominum
1027 3542 1228 3618 aparticipiis
1254 3543 1380 3618 perfecti

209 3629 352 3703 temporis
368 3629 562 3687 oriundorum
580 3631 705 3704 tangere
725 3629 963 3705 significationes,
993 3631 1089 3688 multa
1109 3630 1189 3689 enim
1208 3630 1380 3690 infimorum

111 3750 112 3755 κ
209 3717 361 3776 hominum
376 3717 496 3776 nomina
515 3721 615 3776 aetate
634 3717 768 3794 Augusti
786 3737 845 3777 non
864 3718 1034 3795 antiquiora
1054 3719 1304 3780 demonstrabunt
1322 3721 1378 3780 hae

209 3810 289 3864 certe
313 3809 412 3864 aetate
435 3805 488 3864 illa
513 3806 682 3883 partieipia,
696 3808 728 3865 in
752 3825 887 3867 sermone
910 3809 1028 3884 volgari
1052 3808 1201 3884 duplicem
1221 3809 1377 3868 etiamtum

208 3895 318 3953 habere
342 3895 475 3970 potuisse
498 3896 572 3973 vim,
601 3903 632 3954 et
654 3896 782 3956 activam
806 3901 837 3955 et
860 3899 1028 3974 passivam,
1055 3898 1123 3957 vide
1147 3898 1268 3957 nomina
1293 3900 1377 3958 haec:

209 3984 373 4059 Adventus,
384 3981 502 4056 Cessas,
513 3983 687 4062 ConcessuS,
703 3985 869 4064 Cogitatus,
881 3985 1041 4065 Conventa,
1051 3986 1224 4063 Dubitatus,
1235 3988 1377 4065 Eventus,

209 4073 409 4148 Exuperatus,
434 4073 572 4149 Penseta,
596 4073 765 4154 Processus,
785 4077 973 4153 Prospectus,
993 4077 1156 4151 Respectus
1180 4077 1218 4137 41.
1238 4067 1377 4156 (eandem

208 4163 269 4222 vim
288 4163 401 4220 babent
418 4162 539 4222 nomina
553 4161 766 4238 Conferundus,
785 4157 1082 4246 †Perseverandus).

298 4251 378 4327 quod
401 4251 437 4310 de
460 4251 586 4328 perfecti
611 4252 756 4329 temporis
786 4254 951 4329 participiis
980 4253 1041 4312 dixi
1063 4253 1187 4330 antiqua
1211 4255 1332 4314 nomina
1360 4273 1378 4312 4

208 4339 287 4400 veris
306 4339 471 4417 participiis
495 4341 631 4401 derivata
653 4361 714 4400 non
732 4361 796 4402 esse
816 4343 920 4420 videri,
945 4344 1000 4401 hoo
1019 4343 1114 4402 multo
1133 4343 1228 4419 magis
1249 4345 1330 4403 cadit
1347 4347 1378 4402 in

209 4429 370 4507 participia
392 4431 569 4512 praesentis,
593 4431 666 4491 licet
685 4423 906 4514 Calvenet(ius)
920 4431 1018 4508 priore
1039 4432 1237 4493 eusealius.
1257 4433 1378 4510 septimi
