3088 4886
305 246 429 304 Nomina
444 247 559 320 propria
576 249 666 305 latina
684 249 805 306 oriunda
822 267 840 305 a
855 248 1014 321 participiis
1032 249 1160 321 perfecti.
1252 249 1315 314 799

144 417 215 494 quid
239 416 453 496 significaverit
476 418 625 495 explicatu
649 418 769 478 difficile
792 421 852 498 est3
880 418 977 495 possis
1002 419 1081 479 enim
1104 421 1136 480 et
1163 419 1201 478 ad
1228 421 1315 480 lanae

144 507 359 566 abundantiam
382 511 413 566 et
436 507 473 566 ad
497 511 610 568 vestem
634 527 651 567 e
674 509 744 568 lana
766 509 878 568 fartam
905 512 935 568 et
954 508 992 567 ad
1010 509 1138 570 hominis
1157 509 1314 569 mollitiam

143 595 192 655 vel
210 596 369 656 eandorem
386 597 507 656 referre.

647 713 810 780 Laudatus

232 847 373 904 laudatus
392 847 439 904 est
453 863 539 922 quem
555 863 658 905 omnes
672 845 809 922 laudaut3
829 846 872 904 sio
886 845 1060 905 Naevianus
1076 844 1187 905 Hector
1202 839 1312 906 ‘laetus

141 929 221 993 sum'
239 935 338 1010 inquit
356 928 485 992 ‘laudari
504 953 551 992 me
571 935 624 994 aba
642 937 687 1014 te,
705 937 801 1012 pater,
821 953 839 992 a
859 934 980 994 laudato
999 927 1074 995 viro'
1095 926 1196 1015 (Ribb.
1217 928 1311 1014 trag.²

139 1015 341 1172 19)me
363 1105 408 1189 (in
431 1114 633 1189 monumento,
657 1112 735 1188 quod
755 1111 875 1172 Tiberio
901 1115 932 1170 et
951 1109 1076 1172 Claudio
1091 1107 1313 1187 'imperantibus

139 1201 170 1260 in
189 1221 246 1262 usu
265 1193 339 1283 fuit)
357 1200 503 1261 V15014
523 1199 556 1261 Τ.
575 1200 703 1278 Apidius
723 1201 885 1260 Laudatus.

228 1290 366 1349 Laudato
391 1307 556 1366 cognomen
579 1289 698 1349 videtur
721 1290 814 1350 fuisse
838 1290 1020 1368 Herenniae,
1045 1309 1135 1366 quam
1164 1291 1257 1350 habes
1281 1290 1313 1350 in

140 1379 230 1440 titulo
249 1380 385 1454 Hispano
403 1378 434 1438 H
449 1379 545 1454 3773,
563 1377 662 1454 lapide
681 1383 750 1455 post
768 1377 879 1438 LAVD
899 1379 1003 1439 fracto.

229 1471 358 1546 cognata
381 1471 453 1528 sunt
476 1467 597 1526 nomina
619 1467 752 1527 Laudius
773 1462 840 1546 (VI,
858 1461 948 1547 vlu)
974 1471 1004 1527 et
1027 1467 1211 1528 Laudandus
1230 1460 1315 1550 (VI).
1390 1555 1396 1562 1

646 1658 807 1723 Lametus

227 1788 353 1848 Laurati
374 1807 484 1848 nomen
508 1789 652 1864 scriptum
678 1791 725 1847 est
747 1788 779 1846 in
802 1788 915 1865 petella
935 1789 1089 1850 Treuerico
1117 1782 1313 1870 (correspon-

138 1878 252 1937 deuzbl.
272 1879 299 1937 d.
319 1877 435 1938 Westd.
454 1877 626 1937 Zeitsohr.I
644 1897 672 1954 p.
688 1871 756 1959 45).

229 1969 358 2044 cognata
389 1969 461 2027 sunt
497 1967 617 2024 nomina
653 1966 770 2026 Laurus
798 1965 949 2026 Lauriuus
978 1967 1114 2027 Laurilla
1145 1967 1313 2028 Laurianus

137 2055 247 2115 Lauris
267 2056 366 2115 Lauro
385 2055 505 2115 Laurea
523 2054 690 2115 Lauricius.

663 2245 787 2310 Lausus

225 2395 332 2452 graece
354 2371 522 2451 Κλύμενοε.
560 2373 752 2451 participium
774 2375 888 2455 lausus,
914 2377 992 2435 unde
1011 2377 1065 2437 hoe
1084 2395 1193 2437 nomen
1212 2381 1312 2437 ortum

137 2470 192 2542 est,
216 2466 287 2526 libri
310 2466 396 2526 nobis
420 2484 480 2524 non
504 2467 707 2540 servaverunt,
731 2465 782 2523 sed
805 2465 904 2524 locum
927 2466 990 2524 eius
1017 2467 1129 2541 ubique
1147 2469 1231 2526 tenet
1249 2467 1311 2526 lau-

137 2555 236 2616 datus,
268 2574 328 2615 non
346 2555 425 2614 idem
440 2555 551 2614 fautum
572 2557 618 2612 est
637 2552 673 2610 de
687 2552 799 2628 Lauso,
818 2572 877 2630 quo
891 2555 1050 2630 participio
1069 2555 1195 2614 Plautus
1214 2555 1312 2614 utitur

136 2644 168 2703 in
186 2644 272 2704 Asin.
291 2645 367 2718 286,
395 2647 425 2702 et
450 2662 486 2702 ex
510 2662 567 2718 quo
587 2641 692 2700 Umbri
716 2641 855 2702 dixerunt
878 2645 1013 2717 frosetom
1035 2635 1082 2724 (in
1105 2644 1165 2703 tab.
1181 2643 1248 2703 VIa
1268 2647 1309 2705 28
1430 2643 1434 2652 “

135 2737 167 2792 et
185 2725 281 2810 alibi).

225 2821 342 2882 Lausus
370 2839 477 2881 nomen
505 2819 566 2879 fuit
593 2819 654 2880 filio
683 2819 836 2895 Mezentii,
864 2820 900 2880 de
932 2839 991 2897 quo
1014 2819 1129 2898 Vergil.
1152 2821 1226 2882 Aen.
1251 2821 1310 2882 VH

137 2913 200 2971 649
217 2928 294 2987 sqq.:

226 2999 320 3060 Filius
339 2999 417 3058 huno
436 2991 645 3080 (Mezentium)
663 2999 747 3058 iuxta
764 2997 891 3077 Lausus,
912 3018 971 3076 quo
990 3000 1142 3076 pulehrior
1160 3000 1238 3060 alter

225 3089 293 3148 Non
311 3089 371 3147 fuit
390 3089 512 3164 excepto
531 3087 691 3148 Laurentis
712 3106 835 3162 corpore
854 3088 956 3166 Turni,

225 3177 344 3238 Lausus
364 3197 475 3254 equum
494 3177 622 3237 domitor
642 3177 868 3251 debellatorque
886 3178 1028 3256 ferarum,
1048 3199 1073 3238 e.
1087 3198 1114 3254 q.
1129 3197 1151 3238 s.

224 3267 296 3326 item
320 3267 407 3324 andIt
430 3267 509 3342 apud
533 3264 618 3326 Ovid.
642 3266 673 3323 in
697 3266 764 3325 fast.
784 3264 828 3323 IV
844 3267 885 3326 54
910 3266 1075 3326 Numitoris
1098 3267 1193 3341 filius,
1219 3288 1308 3344 quem

136 3355 189 3414 ulii
211 3349 362 3428 Αἴγεετον
390 3355 553 3414 nominant.
599 3354 732 3413 Lausum
761 3354 909 3430 quendam
933 3354 1082 3414 Martialis
1111 3359 1229 3432 saepius
1257 3358 1307 3416 ad·

134 3445 269 3520 loquitur
287 3436 363 3525 (VH
378 3446 430 3504 81.
445 3445 495 3504 87.
512 3434 578 3526 88).

225 3533 316 3592 etiam
344 3533 428 3591 tituli
455 3533 510 3592 hoe
532 3551 640 3592 nomen
666 3537 862 3593 servaverunt
886 3551 958 3593 sane
981 3533 1166 3610 paucissimi3
1194 3533 1307 3594 liberti-

134 3641 242 3682 norum
260 3624 331 3682 sunt
349 3621 642 3698 humillimorumque
661 3622 816 3682 hominnm
836 3627 866 3680 et
883 3623 1045 3700 pertinent,
1071 3626 1105 3681 ut
1123 3623 1251 3702 videtur,
1269 3624 1307 3682 ad

134 3712 254 3772 saecula
272 3711 402 3787 primurn
421 3710 649 3787 secundumque.

225 3802 335 3864 Romae
353 3799 398 3858 VI
413 3801 521 3860 26808
540 3800 580 3858 M.
595 3799 711 3860 Statius
731 3800 769 3859 M.
784 3801 803 3860 l.
818 3800 945 3859 Lausus.

224 3889 330 3950 Tibure
343 3888 414 3947 XIV
430 3890 516 3950 3795
536 3889 668 3948 LIeiuius
686 3888 813 3948 Lausus.

223 3979 381 4038 Beneventi
399 3977 442 4036 IX
458 3979 544 4038 1880
563 3976 594 4037 O.
614 3976 792 4054 Calpurnius
812 3978 938 4036 Lausus,

223 4068 376 4127 Bononiae
393 4067 424 4126 in
444 4066 560 4126 duabus
579 4066 689 4126 fistulis
708 4066 751 4124 XI
766 4067 829 4126 734
849 4067 949 4126 Lauso
968 4058 1086 4149 vil(ioo)

223 4157 255 4215 in
273 4157 363 4216 titulo
378 4154 551 4215 Oobellteusi
564 4155 623 4215 XII
639 4147 778 4216 1052·‘¹‘¹·
802 4159 903 4235 potest
925 4157 974 4216 rel
992 4156 1109 4216 Lausus
1131 4156 1178 4217 vel
1197 4156 1304 4217 Iausus

636 4245 699 4322 legi
717 4248 795 4305 teste
814 4245 1024 4305 Hirschfeldio.

223 4335 254 4394 in
272 4334 433 4395 Ltasitawiu
451 4333 561 4394 11114
581 4334 615 4394 L.
633 4335 777 4395 Laberius
795 4335 912 4394 Laneus
931 4328 1034 4414 (homo
1053 4326 1234 4413 libertinus).

223 4422 298 4483 adde
325 4422 373 4483 bis
396 4422 529 4484 Lausum
556 4423 766 4502 christianum,
794 4424 831 4482 ad
859 4443 947 4500 quem
970 4423 1124 4482 Palladius
1147 4423 1304 4499 episeopus
