3088 4886
319 227 443 285 Nomina
462 228 575 301 propria
594 229 682 286 latina
701 230 819 287 oriunda
837 247 854 286 a
871 228 1028 300 participiis
1046 228 1173 300 perfecti.
1266 227 1330 292 819

687 394 808 461 Pexsus

249 507 343 582 Nepet
360 451 403 566 XI
420 510 504 569 3205
521 508 554 579 Q.
562 507 620 569 Vet
606 511 704 568 61166
719 509 752 569 Ρ
767 509 786 570 f.
802 508 884 568 Pom.
900 507 1013 566 Pexsus
1027 507 1166 582 lupercus
1181 505 1331 566 Fabianus

419 597 928 674 61661166166171166616611111611.
948 595 1183 671 II,pracfectus
1202 595 1330 668 fabrum,

417 686 571 746 Fidustiae
591 689 625 749 L.
639 688 666 748 1.·
675 687 763 746 lilius.
801 679 851 768 (lit
852 689 935 745 66166
954 689 1025 744 sunt
1043 684 1155 743 saeculi
1174 675 1286 764 primi.)

249 771 429 850 Superaequc‘
447 776 490 835 IX
506 778 591 836 3318
611 777 745 836 Iucunda
764 776 859 834 Pensa
877 775 1033 858 vestiplica
1049 773 1176 833 Iucundi
1195 777 1226 833 et
1239 773 1332 850 Phyl-

505 866 575 924 lidis
594 865 664 926 filia.

692 984 803 1050 Pictus

252 1095 334 1158 aaut
353 1094 381 1154 V
397 1098 482 1158 5279
507 1085 568 1156 Lut
554 1097 631 1162 tulla
659 1097 777 1156 Pictis
777 1097 1033 1158 contubernalis
1060 1095 1095 1154 L.
1120 1093 1286 1154 CaeciliL.
1312 1095 1333 1157 f.

397 1184 509 1246 Cilonis
533 1189 586 1261 pat
587 1186 627 1245 ris
651 1143 797 1259 naturalis
822 1186 900 1245 Plini
924 1185 1045 1244 minoris
1071 1176 1123 1266 (cf.
1141 1184 1309 1244 Momms'
1301 1203 1332 1244 m

396 1275 526 1334 Hermae
545 1276 637 1337 1613
658 1296 686 1352 p
703 1269 768 1356 60).

250 1364 397 1423 1666166111
417 1367 463 1424 666
482 1365 650 1440 exemplum
669 1365 697 1422 V
714 1366 807 1424 7918.

249 1472 355 1514 vereor
373 1472 411 1512 ne
430 1453 497 1513 celt‘
476 1458 569 1512 616661
589 1447 697 1536 6161(
718 1453 777 1531 VII
794 1456 888 1530 1336,
900 1455 961 1514 831
983 1432 1051 1514 Pur
1040 1455 1095 1514 11116
1114 1455 1222 1530 (genet
1223 1444 1256 1534 l)

684 1625 810 1692 Pilatus

248 1738 405 1812 Syracusis
422 1740 453 1798 in
472 1739 588 1816 amphil
576 1740 660 1799 661166
647 1743 693 1800 616
712 1741 738 1798 X
755 1741 903 1817 113616
924 1733 1046 1798 ‘Alfiani
1066 1742 1097 1799 66
1115 1733 1226 1798 Ρ11661’.

252 1827 377 1888 Pontius
396 1829 513 1888 Pilatus
533 1831 709 1904 procurator
727 1830 897 1906 provinciae
916 1829 1053 1888 Iudaeae.

250 1916 362 1992 pilatus
382 1922 428 1978 666
445 1919 506 1994 6116
525 1922 668 1978 armatus.

683 2055 811 2122 Pilutus
890 2074 892 2120 3

249 2166 384 2227 Pilutum
402 2187 437 2227 61
453 2168 510 2228 1166
524 2169 678 2228 nominum
692 2169 807 2228 familia
820 2189 880 2229 non
896 2170 1000 2248 exime,
1020 2189 1200 2246 quamquam
1216 2169 1248 2230 L.
1261 2170 1332 2228 Vol·

160 2255 297 2316 tacilium
316 2257 467 2316 rhetorem
488 2262 637 2316 66161616
657 2259 840 2336 scriptorem,
862 2277 950 2335 quern
970 2261 1066 2320 selum
1085 2259 1129 2317 ita
1147 2259 1333 2334 adpellatum

158 2345 268 2422 inueni,
285 2346 364 2405 Mart
352 2347 433 2406 tinus
450 2343 1212 2425 Η6166161666.11166.436312666.Ρ16116166111
1227 2367 1333 2408 vocare

159 2392 276 2492 maluit.
256 2435 540 2512 tcognominatur
558 2437 636 2495 enim
656 2457 674 2495 a
693 2436 836 2497 Suetonio
855 2436 891 2496 de
911 2439 1023 2497 111663
1041 2437 1159 2496 Pilutus
1178 2429 1334 2514 (corrupta

159 2527 232 2598 puto
258 2541 323 2582 esse
347 2524 493 2596 Ρ11166,66
521 2525 610 2601 Plut’,
636 2525 716 2584 Pilat
703 2517 826 2606 t,eus)
810 2527 945 2602 etquod
967 2527 1046 2585 idern
1072 2525 1254 2602 Hieronymo
1280 2517 1333 2606 (ad

159 2613 271 2672 Euseb.
294 2613 393 2674 chron.
415 2604 514 2694 1936)
539 2571 717 2674 Plotust
671 2618 730 2690 est,
757 2615 789 2672 id
818 2615 993 2692 Hieronymi
1022 2615 1176 2674 scribaeve
1204 2615 1331 2674 alicuius

159 2701 369 2778 neglegentiae
394 2703 472 2761 vel
465 2709 632 2778 1166611166
656 2703 743 2762 166116
767 2703 879 2762 tribuet
867 2707 929 2774 661,
957 2706 1093 2779 praesent
1093 2704 1136 2762 im
1160 2702 1332 2761 cumidem

158 2791 237 2850 falso
257 2791 379 2867 Pompei
403 2791 546 2850 libertum
568 2791 649 2851 dicat
667 2793 870 2852 Voltacilium.
906 2792 1001 2852 Piluti
1020 2793 1098 2851 enim
1117 2811 1226 2852 nomen
1245 2792 1334 2851 raris-

160 2879 269 2939 simum
294 2883 373 2938 certe
397 2880 468 2956 fuit,
493 2881 619 2940 Plautus
639 2885 670 2942 et
692 2881 797 2940 Plutus
822 2883 901 2941 ultro
925 2900 956 2941 se
980 2882 1164 2942 obtulerunt.
1205 2886 1333 2958 cognata

160 2985 229 3028 cum
250 2968 352 3028 Piluto
371 2969 541 3044 putaverim
559 2971 681 3029 nomina
699 2971 759 3030 Pili
778 2975 809 3030 et
828 2970 896 3030 Pilii
911 2961 1015 3053 (eie),
1039 2971 1170 3046 pilutum
1189 2971 1333 3046 intellego

159 3059 299 3133 pilosum,
310 3057 504 3118 cf.nasutum.
521 3052 875 3119 Ἱ1.116166611166Ρ116666
887 3061 1014 3132 servisse
1025 3059 1337 3136 (116166166666661616

95 3149 99 3157 '
160 3146 305 3206 ostiarius
319 3151 421 3206 vetere
435 3167 517 3208 more
536 3149 568 3206 in
582 3152 688 3208 catena
701 3149 803 3226 fuisse,
822 3151 914 3209 donec
931 3150 969 3208 ob
983 3151 1136 3227 ingenium
1152 3169 1189 3209 ac
1200 3149 1333 3208 studium

159 3237 333 3296 litterarum
352 3239 551 3296 manumissus
570 3239 722 3298 accusanti
740 3242 867 3313 patrono
887 3239 1072 3313 subscripsit.
1110 3238 1216 3297 deinde
1235 3238 1334 3296 rheto-
1409 3265 1412 3269 ·

159 3325 254 3386 116616
276 3325 429 3400 professus
454 3325 505 3384 On.
527 3327 702 3402 Pompeium
722 3327 869 3402 Magnum
893 3328 994 3387 docuit
1017 3327 1171 3402 patrisque
1196 3328 1258 3386 eius
1285 3346 1334 3386 166

160 3419 264 3488 gestas
283 3433 337 3474 nec
356 3412 454 3474 ininus
473 3415 568 3491 ipsius
587 3417 790 3491 compluribus
804 3417 890 3476 libris
905 3417 1052 3492 exposuit,
1071 3416 1186 3491 primus
1201 3415 1333 3476 omniurn

159 3503 384 3578 libertinorum,
403 3506 438 3562 ut
456 3501 612 3564 Cornelius
632 3505 733 3581 Nepos
754 3506 902 3582 opinatur,
922 3505 1051 3566 scribere
1070 3505 1229 3564 historiam
1249 3523 1334 3564 orsus

158 3591 280 3652 nonnisi
303 3592 340 3651 ab
363 3593 574 3654 honestissimo
599 3613 715 3671 quoque
738 3595 828 3654 scribi
847 3595 966 3655 solitam
986 3595 1023 3653 ad
1047 3595 1077 3653 id
1102 3587 1232 3669 ternpus’
1253 3593 1334 3653 Suet.

160 3681 196 3741 de
215 3682 294 3742 rhet.
309 3683 338 3741 3.

686 3767 813 3834 Pinitus

249 3879 343 3938 Piniti
356 3897 465 3939 nemen
478 3879 607 3938 latinum
621 3879 741 3939 videtur
755 3898 829 3956 esse,
849 3881 958 3958 quippe
978 3882 1056 3957 quod
1072 3881 1133 3942 nisi
1146 3883 1258 3942 Romae
1272 3883 1334 3943 1616

161 3987 221 4029 666
234 3967 420 4045 inveniatur3
439 3969 551 4028 dictum
564 3969 736 4045 putaverim
750 3989 768 4028 a
782 3969 864 4045 pinu,
879 3974 913 4028 ut
929 3969 969 4028 616
982 3971 1056 4045 6166
1070 3971 1190 4049 similis;
1209 3972 1245 4031 L.
1254 3973 1335 4032 Mus·

162 4077 224 4116 suus
243 4057 277 4116 L
297 4059 317 4116 f.
336 4057 430 4118 Pinus
454 4057 532 4118 666
523 4063 593 4117 166
580 4058 669 4117 616616
688 4059 804 4118 6111666
822 4059 866 4118 VI
880 4061 1004 4136 227633
1023 4061 1124 4120 confer
1142 4019 1335 4122 veinaculum

161 4165 270 4207 nomen
292 4145 448 4206 Ficttcet
436 4151 581 4223 tgraeca
603 4147 724 4207 nomina
747 4168 765 4206 a
790 4143 875 4208 πίτυι
903 4106 1059 4218 6661161166.
1100 4148 1206 4211 Πῖνον
1234 4155 1336 4211 autem

162 4236 359 4312 Pinaricsque
383 4235 430 4295 his
455 4237 618 4296 admiscere
642 4256 702 4296 non
726 4238 835 4314 audeo,
859 4257 1039 4316 quamquam
1063 4239 1136 4327 quin
1159 4241 1255 4300 latine
1276 4243 1337 4300 sint
1355 4263 1358 4272 ·

162 4325 283 4384 nomina
305 4325 406 4384 nullus
431 4324 542 4387 dubito.
580 4327 632 4386 sed
650 4326 759 4388 Pharas
777 4327 951 4405 Illyriorum
970 4347 1023 4388 161
1043 4321 1074 4388 et
1091 4330 1201 4390 Piaucs
1219 4331 1335 4390 Panno-

163 4415 281 4474 niorum
301 4415 361 4474 dux
379 4433 438 4476 nen
458 4415 605 4476 61166166
624 4435 733 4477 nomen
752 4421 939 4494 acceperunt.
