3088 4886
218 277 282 343 746
727 275 779 332 Gu.
799 275 878 332 Otto:

214 449 301 526 Iguv.
312 447 340 505 V
351 441 417 526 89),
428 447 588 507 Picumnus
597 437 649 528 (de
664 448 765 524 etymo
780 447 815 506 cf.
826 445 933 506 Rosch.
943 446 1000 504 lex.
1014 445 1138 522 mythol.
1149 444 1179 503 in
1189 462 1261 504 voce
1271 442 1389 501 Picum-

214 529 300 620 nus);
329 537 497 615 Adolenda,
527 535 754 614 Commolcnda,
773 535 959 611 Deferunda,
984 533 1190 612 Coinquenda,
1218 533 1388 610 Afferenda,

218 627 296 686 Fata
310 627 485 702 Scribunda,
510 643 638 702 quarum
662 625 783 687 nomina
801 624 901 683 nescio
920 642 978 700 quo
997 627 1084 700 pacto
1103 642 1200 700 nuper
1217 621 1388 681 Fridoricns

219 715 299 775 Stola
318 717 350 774 in
367 716 458 776 Arch.
477 716 496 775 f.
516 716 568 775 lat.
583 714 653 774 Lex.
669 715 769 776 volX
788 715 918 773 activam
937 731 1026 789 quam
1046 713 1149 772 dicunt
1167 712 1228 772 vim
1247 709 1389 770 habuisse

217 805 380 878 contendit,
399 804 443 863 ita
461 807 497 863 ut
513 803 668 864 Adolenda
687 803 727 862 sit
745 803 835 862 arbor
853 800 1013 880 adolenda;
1033 803 1084 860 sed
1102 802 1169 878 quis
1184 818 1326 876 umquam
1341 819 1388 858 ar·

219 894 306 954 bores
326 893 486 953 adolandus
506 893 618 952 coluit?
641 893 796 951 colebatur
813 893 845 950 id
863 911 986 969 numen,
1006 892 1084 968 quod
1107 891 1209 950 arbori
1227 889 1389 948 adolendae

218 986 346 1060 praeest,
366 983 429 1043 sive
447 983 528 1058 quod
547 981 682 1042 arborem
701 982 814 1058 adolet,
839 980 982 1040 Leontius
1002 982 1064 1039 sive
1082 979 1233 1056 Loquens3
1259 977 1389 1054 (iuuene,

149 1063 155 1092 '
220 1071 329 1132 (lenita
347 1072 437 1130 Mena
455 1063 528 1152 (osc.
549 1070 675 1130 (tenebat
694 1062 779 1152 dat),
799 1089 874 1147 quae
896 1069 1008 1147 gignit,
1026 1069 1200 1146 Jugatinus,
1220 1068 1272 1143 qui
1291 1068 1391 1142 lugat,

219 1159 336 1236 (linxia,
360 1179 437 1236 quae
460 1161 568 1238 cingit,
593 1160 673 1218 duno
702 1159 864 1233 Februala,
893 1177 968 1235 quae
993 1159 1126 1234 februat3
1145 1156 1314 1231 Loucetius,
1338 1155 1390 1230 qui

218 1251 312 1323 lucet,
330 1249 367 1309 cf.
386 1253 650 1327 aegeo-vegetus
670 1250 708 1308 al.
728 1241 774 1328 (et
792 1248 953 1308 Leucesius
977 1239 1132 1326 Luceria);
1156 1245 1290 1319 Moneta,
1314 1263 1390 1320 qnae

219 1343 333 1416 monet;
358 1337 470 1416 Unxia,
488 1357 564 1414 quae
583 1339 685 1414 ungit,
708 1337 871 1413 Lubentia,
890 1335 1022 1395 Libitina
1045 1354 1064 1394 a
1081 1335 1226 1412 iubendo,
1248 1333 1389 1392 Nodutus

220 1447 239 1488 a
261 1428 360 1505 nodis,
383 1427 520 1503 Partula,
544 1427 787 1502 quaepatiendo
810 1428 943 1502 praeest,
966 1424 1123 1499 Paventia,
1147 1443 1223 1501 quae
1247 1441 1389 1498 pavorem

220 1517 315 1596 inicit,
334 1517 422 1593 quasi
439 1516 505 1592 ipsa
518 1521 640 1592 paveat,
658 1515 816 1574 Pilumnus
834 1515 941 1592 apilo;
960 1513 1129 1588 Vitumnus,
1148 1513 1199 1588 qni
1213 1512 1307 1572 vitam
1323 1511 1390 1588 dat,

222 1607 378 1682 Alemone,
392 1624 469 1682 quae
483 1606 538 1664 alit
552 1597 602 1684 (cf.
617 1605 785 1664 Bechetein.
799 1604 830 1662 in
847 1602 929 1663 (lunt.
945 1603 1023 1664 stud.
1038 1602 1113 1662 VIII
1127 1623 1155 1677 p.
1172 1593 1264 1682 388),
1283 1600 1393 1660 Valen-

219 1696 264 1755 tia
282 1698 313 1755 et
330 1695 487 1772 Pollentia,
507 1712 583 1772 quae
597 1697 732 1754 valentes
747 1697 778 1754 et
792 1694 939 1772 pollentes
952 1693 1079 1768 faciunt,
1098 1691 1216 1767 Prorsa,
1236 1709 1311 1766 quae
1330 1707 1391 1748 non

220 1786 287 1846 vult
304 1785 335 1842 in
354 1783 445 1860 pedes
464 1784 616 1859 procidere
635 1785 820 1860 nascentem3
840 1782 926 1841 State
944 1782 1055 1858 Mater,
1079 1780 1238 1858 Staienus,
1263 1778 1392 1854 Statina,

221 1873 380 1934 Statilinus
403 1893 421 1932 a
444 1872 565 1948 stand03
590 1872 761 1947 Stercutus,
786 1871 953 1931 Stercutius
978 1889 997 1929 a
1020 1875 1165 1946 stercore3
1188 1868 1305 1940 Voleta,
1330 1867 1391 1926 Vo-

218 1964 351 2036 lumnus,
375 1962 526 2022 Volumna
550 1963 726 2039 avolando,
750 1961 935 2020 Vertumnus
959 1979 978 2018 a
1001 1960 1160 2036 vertendo,
1184 1957 1329 2018 Volutina
1351 1957 1390 2014 ab

224 2043 443 2134 (inlvolvendo.
481 2047 608 2128 quornm
626 2069 784 2110 numerum
802 2051 890 2108 facile
909 2049 1014 2125 augeri
1031 2067 1119 2124 posse
1138 2067 1196 2107 non
1215 2047 1328 2123 ignoro.

307 2144 398 2218 atque
423 2140 547 2200 deorum
570 2142 692 2200 nomina
716 2141 850 2200 homines
875 2139 985 2214 partim
1009 2138 1128 2215 integra
1155 2137 1194 2196 ad
1219 2155 1289 2196 suos
1317 2153 1390 2194 usus

219 2231 449 2304 transferebant,
468 2229 512 2288 ita
530 2233 565 2289 ut
583 2250 608 2290 e.
626 2250 655 2307 g.
674 2229 724 2288 Aii
743 2221 844 2309 (Abii)
865 2227 1009 2304 adpellati
1029 2226 1089 2286 siut
1107 2227 1144 2286 ab
1165 2227 1230 2300 Aio,
1250 2225 1351 2284 Lucrii
1371 2244 1390 2283 a

219 2320 335 2380 Lucriis
354 2319 431 2396 deis,
450 2317 511 2377 Seii
529 2337 548 2378 a
567 2319 643 2393 Seia,
657 2311 787 2399 Patulcii
805 2336 824 2376 a
842 2317 990 2390 Patulcio,
1014 2315 1124 2392 partim
1149 2315 1264 2374 suffixis
1289 2319 1388 2391 aucta,

220 2409 299 2468 sicut
316 2408 421 2467 Pandii
440 2408 512 2466 dicti
531 2413 601 2468 sunt
619 2427 638 2468 a
655 2408 771 2480 Panda,
790 2405 892 2466 Oarnii
910 2425 929 2464 a
946 2404 1056 2478 Ourna,
1077 2403 1202 2464 Oamelii
1220 2423 1239 2462 a
1258 2401 1389 2462 Camelie

219 2497 394 2574 virginibus,
417 2498 455 2556 al.
493 2501 609 2557 etcum
628 2517 664 2557 ea
690 2514 809 2573 quoque
827 2495 959 2568 nomina,
988 2513 1063 2570 quae
1088 2513 1106 2552 a
1131 2493 1298 2569 participiis
1323 2494 1392 2552 orta

220 2591 299 2663 sunt,
313 2587 483 2647 hominibus
498 2586 559 2646 sint
572 2587 713 2663 imposita
727 2579 888 2666 (Partnleii
901 2603 920 2644 a
934 2585 1060 2643 Partula
1070 2602 1176 2642 nomen
1187 2573 1390 2660 acceperunt),

219 2677 330 2752 ubique
350 2675 510 2754 diligenter
528 2677 730 2752 quaerendum
750 2679 804 2752 est,
824 2695 895 2734 num
910 2673 1011 2734 divina
1029 2674 1146 2731 lateant
1164 2673 1220 2730 sub
1240 2672 1293 2746 eis,
1313 2689 1390 2747 quae

219 2766 359 2824 videntur
377 2784 459 2824 mere
478 2767 608 2824 humana
622 2784 695 2824 esse.
732 2782 801 2823 nam
820 2763 890 2822 licet
908 2762 994 2821 nobis
1015 2781 1075 2820 non
1099 2778 1217 2836 semper
1239 2778 1276 2818 ea
1294 2760 1388 2819 nomi·

217 2855 265 2913 nie
285 2854 378 2914 divini
396 2853 508 2912 tradita
527 2855 566 2914 sit
585 2854 694 2928 forma,
713 2871 803 2928 quam
821 2871 929 2912 nomen
947 2852 1110 2909 humanum
1128 2849 1267 2926 praebet,
1287 2853 1391 2908 tamen

221 2945 355 3003 extitisse
375 2961 411 3002 ea
434 2945 509 3002 olim
523 2943 626 3002 multis
645 2942 778 3002 eiusdem
800 2941 919 3019 generis
937 2938 1107 3000 nominibus
1127 2939 1165 2998 ab
1185 2941 1286 3015 etymo
1305 2939 1389 2998 varie
1506 2970 1510 2979 ·

220 3032 375 3092 declinatis
390 3033 455 3092 veri
470 3032 567 3091 simile
586 3031 627 3091 fit.
660 3031 786 3091 Hortius
800 3031 890 3105 enim,
908 3032 943 3090 nt
957 3030 1100 3106 exemplis
1114 3032 1192 3106 utar,
1212 3025 1344 3106 (Hirrtiis
1358 3028 1392 3087 in

219 3122 358 3182 columna
376 3114 460 3202 osca)
479 3123 616 3196 potesta
634 3122 689 3181 deo
708 3117 827 3180 *Hosto
842 3119 987 3196 originem
1005 3119 1130 3196 haber03
1148 3117 1286 3178 novimus
1310 3117 1389 3176 enim

219 3210 328 3270 Herem
350 3211 507 3284 Marteam,
532 3210 741 3287 Herentatem,
764 3209 886 3270 Heriem
908 3209 1049 3287 Junonis,
1072 3207 1186 3268 Horam
1205 3205 1334 3282 Quirini,
1360 3210 1393 3266 et

219 3301 362 3378 Hersilia,
381 3319 458 3376 quoe
476 3303 582 3376 postea
595 3300 678 3360 Hora
696 3299 849 3376 adpellata
867 3302 922 3374 est,
942 3298 967 3358 si
986 3299 1057 3358 olim
1072 3297 1203 3356 Hertilia
1217 3299 1391 3374 vocabatur,

220 3390 328 3450 Hortio
346 3389 498 3449 simillima
517 3393 564 3448 est
583 3382 632 3467 (cf.
648 3390 744 3449 nmbr.
759 3392 853 3466 eretu,
872 3389 923 3446 lat.
943 3387 1061 3447 horitur
1074 3386 1150 3444 Eun.
1165 3404 1232 3447 ann.
1248 3387 1312 3444 409
1329 3376 1390 3467 V.).

222 3499 240 3539 a
259 3481 314 3538 deo
338 3478 437 3536 *Axio
461 3477 602 3538 videntur
622 3477 691 3537 Axii
715 3481 746 3538 et
768 3477 861 3536 Axilii
884 3476 1005 3536 nomina
1027 3475 1170 3552 traxisse,
1193 3495 1288 3552 neque
1312 3475 1392 3534 enim
1507 3520 1511 3543 ,

220 3569 312 3628 Aium
332 3569 443 3643 solum,
462 3566 514 3626 sed
533 3567 624 3626 etiam
643 3567 753 3626 Axium
771 3567 921 3626 Romanos
936 3565 1072 3626 ¹coluisse
1091 3569 1322 3625 consentaneum
1345 3567 1393 3624 est
1507 3630 1511 3651 Ι

224 3653 275 3738 (cf.
291 3676 389 3730 arare,
409 3649 591 3739 aramenta),
611 3657 756 3732 siquidem
769 3660 890 3733 praeter
903 3655 1014 3715 Larum
1028 3655 1198 3713 habuerunt
1212 3653 1393 3727 Larundam,

222 3750 343 3824 praeter
362 3745 465 3804 Picum
484 3745 660 3806 Picumnum
680 3745 718 3806 aL
750 3764 855 3806 rursus
875 3763 911 3804 cx
929 3743 1142 3823 Cingoniorum
1162 3742 1390 3821 (linciorumque

221 3835 392 3896 nominibus
411 3853 520 3894 nomen
543 3835 676 3896 divinum
700 3836 904 3912 cognoscimus
924 3833 1029 3894 Ginaia
1047 3833 1220 3910 simplicius.
1258 3833 1309 3892 sed
1332 3833 1391 3891 iam
1509 3848 1512 3861 ·

221 3924 352 3986 indicavi
365 3925 425 3984 tria
438 3924 559 3984 nomina
577 3925 710 4004 antiqua,
729 3943 806 4002 quae
820 3944 880 3985 non
898 3925 936 3984 ab
955 3925 1020 4000 ipso
1034 3923 1201 4001 participio,
1220 3922 1272 3981 sed
1290 3941 1308 3981 a
1327 3923 1394 3982 deo-

223 4034 290 4073 rum
308 4015 479 4074 nominibus
498 4014 670 4074 viderentur
688 4015 838 4074 declinata
857 4033 931 4074 esse.
967 4014 1067 4089 accipe
1081 4031 1158 4071 nunc
1176 4011 1270 4087 plura.
1303 4015 1393 4088 atque

222 4105 333 4164 Accam
357 4103 530 4163 Larentiam
554 4103 775 4180 Hersiliamque
798 4104 870 4162 olim
891 4103 923 4162 in
947 4103 1070 4163 deorum
1093 4119 1217 4160 numero
1246 4101 1338 4160 luisse
1363 4104 1394 4160 et

224 4193 346 4253 nomina
365 4196 396 4252 et
414 4211 491 4268 qnae
510 4193 638 4270 deipsis
657 4193 819 4253 traduntur
837 4193 1052 4266 demonstrant,
1071 4210 1167 4268 neque
1186 4189 1323 4266 Potitios,
1342 4190 1394 4265 qui

228 4284 318 4342 Vicae
338 4282 430 4342 Potae
449 4282 627 4358 meminerit,
650 4303 668 4342 a
687 4283 810 4342 deorum
829 4283 972 4342 societate
991 4282 1137 4341 excludet.
1174 4279 1303 4356 Voltius,
1322 4280 1395 4338 Vol-

225 4373 312 4452 teius,
332 4371 510 4432 Volumnius
531 4363 577 4454 (et
595 4373 723 4433 fortasse
742 4371 871 4450 Veltius,
890 4376 998 4432 etrusc.
1018 4363 1121 4450 Velte)
1143 4369 1300 4429 referenda
1323 4373 1394 4427 sunt

225 4464 261 4526 ad
285 4463 439 4540 Voletam‚
463 4461 660 4541 Volumnum,
682 4461 876 4542 Volumnum,
901 4461 1049 4522 similiave
1071 4459 1202 4519 numina.
1244 4458 1393 4518 Tolumnii
