3088 4886
297 287 419 344 Nomina
436 287 550 362 propria
568 289 658 344 latina
677 287 831 344 oriundae
849 287 1005 362 participiis
1023 289 1147 362 perfecti.
1242 288 1304 356 757

137 459 264 520 saeculis
291 459 387 536 primo
414 462 445 520 et
468 460 609 536 secundo,
633 459 722 520 tertio
745 463 846 521 autem
870 462 966 540 magis
990 461 1146 539 magisque
1166 464 1316 541 66616616Ι

138 567 207 609 raro
231 549 310 608 enim
333 549 468 609 homines
493 569 527 608 eo
551 550 679 626 praediti
702 549 893 626 praenomine
916 554 1028 611 carent.
1068 553 1183 630 patria,
1207 556 1241 612 ut
1263 553 1307 612 ita

138 639 242 715 dicam,
261 639 390 698 nominis
404 640 498 699 Italia
512 641 567 714 est,
586 631 673 699 euius
691 639 765 699 fines
779 641 949 700 transeunti
967 660 1035 701 raro
1050 641 1187 701 occurrit.
1216 644 1306 719 atque

135 727 166 785 in
187 726 356 788 Germaniis
379 731 410 786 66
427 729 457 786 16
476 728 640 788 Britannia
663 729 783 790 omnino
801 729 832 788 in
852 749 908 789 usu
926 749 986 790 non
1004 729 1076 806 snit;
1100 749 1192 790 unum
1211 749 1306 790 exem·

138 817 222 892 plum
241 816 324 876 dedit
343 817 445 877 Gallia
458 817 598 895 Narbon,
621 818 701 878 trina
718 819 870 894 Hispania
888 821 919 878 66
939 819 963 879 Ι
964 821 1096 894 ltprioam
1128 838 1231 879 rursus
1250 821 1308 879 fre-

15 943 17 952 ,
136 906 274 984 quenticr
292 907 351 966 fuit
368 907 398 966 in
417 904 525 981 Africa
542 907 671 966 nominis
689 926 770 966 usus.

223 997 298 1056 vhaec
316 996 418 1072 paucis
438 997 581 1073 exemplis
600 996 780 1057 inlustrabo:

178 1103 290 1164 1366666

233 1193 369 1255 V14626
384 1193 565 1272 Ampliatus,
583 1195 616 1254 in
630 1193 820 1270 columbario,
834 1197 914 1272 quod
929 1197 1056 1256 maxime
1071 1196 1203 1273 Augusti
1219 1196 1305 1256 Tibe·

283 1282 379 1360 riique
398 1286 498 1344 aetate
516 1285 548 1344 in
566 1304 623 1344 usu
642 1286 707 1346 fuit.

226 1371 270 1431 VI
284 1375 369 1433 7317
390 1372 422 1443 Q.
442 1373 585 1434 Volusius
604 1373 785 1452 Amplietus,
804 1375 930 1434 libertus
950 1375 1079 1435 consulis
1098 1394 1123 1435 6.
1140 1377 1190 1435 56.

172 1503 178 1508 -
227 1461 369 1522 718623
390 1463 423 1521 Τ.
441 1461 564 1523 Flavius
583 1462 660 1540 Aug.
680 1465 731 1523 lib.
754 1463 936 1540 Ampliatus
1076 1510 1079 1517 .

227 1550 269 1608 VI
285 1553 396 1612 28615
417 1552 521 1611 Flavia
539 1553 616 1628 Aug.
635 1553 686 1613 lib.
706 1553 868 1626 Ampliate.
968 1599 971 1603 -

227 1639 270 1698 VI
286 1642 399 1702 10350
419 1643 538 1701 decurio
558 1641 676 1720 collegii
695 1641 831 1718 alieuius,
849 1643 1014 1718 imperante
1034 1642 1226 1720 Vespasiano.

227 1729 281 1788 XV
297 1732 360 1790 518
381 1731 564 1808 Ampliatus,
584 1731 721 1791 dominus
740 1732 939 1807 praediorum,
959 1749 1034 1791 6666.
1051 1731 1082 1790 Π
1096 1733 1158 1791 fere
1177 1732 1309 1792 ineunte.

227 1819 270 1878 VI
285 1822 347 1880 975
369 1839 446 1880 6666
465 1820 632 1898 libertinus,
651 1823 709 1880 duo
728 1822 859 1896 ingenui,
878 1823 992 1880 6136.

227 1909 369 1969 711056
387 1927 427 1992 sq.
448 1913 509 1968 tres
528 1901 644 1986 vigiles,
663 1929 689 1970 a.
705 1912 778 1972 205.
902 1982 905 1988 ¹

228 1997 270 2056 VI
284 2000 347 2058 586
368 2017 484 2076 servos3
503 2003 581 2059 certe
600 2003 669 2076 post
687 2001 830 2059 Marcum.

226 2087 270 2146 VI
286 2089 394 2147 10840
413 2088 574 2167 Ampheia,
594 2081 667 2148 uxor
685 2089 790 2148 Aureli
808 2088 887 2164 Aug.
906 2087 948 2146 lib
950 2131 1043 2150 .....

228 2195 252 2252 61
272 2194 377 2254 titulos
400 2193 531 2254 urbanos
555 2195 679 2270 excipis,
704 2196 799 2254 maior
818 2195 976 2254 titulorum
996 2193 1171 2254 Italicorum
1190 2213 1259 2271 pars
1278 2195 1309 2254 in

136 2283 228 2342 Italia
248 2284 352 2358 media,
371 2285 493 2342 Latium
512 2284 575 2344 dieo
596 2288 626 2342 et
640 2284 792 2344 Samnium
808 2283 1064 2358 Campaniampae,
1084 2283 1204 2360 prodiit.
1237 2303 1309 2359 pau·

138 2374 218 2432 61666
236 2373 371 2448 exempla
394 2373 517 2433 inventa
541 2376 610 2433 sunt
633 2374 664 2432 in
683 2375 786 2433 Piceno
810 2376 841 2432 et
859 2373 891 2432 in
908 2373 1039 2440 Sabinis,
1062 2373 1094 2432 16
1119 2373 1261 2441 Vestinis,
1280 2375 1311 2432 in

138 2461 316 2536 Aequiculis
354 2462 487 2538 reliquae
510 2461 616 2521 Italiae
641 2463 778 2538 regiones
798 2466 829 2522 et
846 2461 1055 2522 meridionales
1076 2466 1106 2520 et
1125 2463 1311 2538 septemtrio-

138 2553 220 2610 nales
241 2551 392 2612 rarissime
411 2552 467 2611 hoc
485 2571 592 2610 nomen
612 2551 770 2627 dederunt,
797 2571 851 2610 neo
871 2552 1010 2626 frequens
1030 2551 1092 2610 6166
1112 2569 1184 2610 6666
1204 2551 1262 2610 fuit
1281 2552 1311 2610 in

139 2641 241 2700 Gellia
262 2640 421 2716 Cisalpina.

226 2747 257 2806 in
276 2748 423 2822 [siparum
445 2748 664 2807 Bactrianorum
687 2745 795 2823 oppido
814 2745 857 2806 IX
874 2747 957 2806 1455
982 2746 1169 2822 Ampliatus,
1195 2765 1221 2806 a.
1239 2749 1310 2808 101.

227 2837 405 2897 Hercaiauei
428 2837 455 2894 X
477 2839 560 2897 1403
586 2840 646 2896 tres
670 2835 818 2915 homines,
843 2855 971 2912 quarum
990 2831 1049 2896 duo
1074 2838 1154 2896 certe
1177 2835 1312 2896 libertini

271 2927 400 2986 fuerunt.

229 3016 374 3091 Pompeiis
391 3016 417 3074 X
434 3019 528 3088 8047,
549 3019 566 3075 6
588 3019 618 3075 66
640 3015 707 3075 70.
728 3014 883 3075 Cluentius
903 3015 1082 3092 Amplietus.

392 3106 508 3164 Χ847.
527 3107 590 3165 848
615 3106 652 3166 N.
671 3105 814 3182 Popidius
840 3105 1019 3182 Ampliatus,
1041 3108 1128 3181 pater
1149 3105 1185 3164 N.
1206 3105 1311 3181 Popidi

434 3193 552 3271 Celsini,
572 3195 621 3272 qui
643 3196 745 3254 aedem
766 3193 853 3253 Isidis
873 3197 971 3254 terrae
991 3197 1075 3253 motu
1094 3195 1165 3254 anni
1182 3197 1222 3254 63
1244 3215 1310 3254 oon·

136 3335 137 3338 ,
433 3283 548 3360 lapsam
567 3284 710 3344 restituit.

231 3373 324 3433 Notae
342 3375 370 3442 X
386 3375 470 3432 1272
492 3365 614 3453 (aetatis
633 3373 775 3432 indicium
795 3376 841 3432 est
860 3373 1063 3450 diphthongus
1082 3364 1146 3452 nl).

229 3462 338 3522 Stabiis
352 3463 379 3520 X
395 3464 456 3522 769
475 3462 505 3521 0.
517 3461 671 3522 Cornelius
683 3462 863 3541 Ampliatus‚
878 3463 965 3522 domo
976 3462 1212 3540 Dyrrhachium,
1224 3481 1248 3520 a.
1261 3463 1311 3521 52.

232 3551 329 3611 Ostiae
348 3551 418 3610 XIV
434 3553 496 3612 505
518 3552 551 3610 Τ.
570 3552 674 3611 Aelius
694 3552 772 3627 Aug.
791 3553 843 3612 lib.
862 3551 1040 3626 Ampliatus.

345 3641 417 3700 XIV
432 3641 494 3700 246
515 3640 696 3718 Ampliatus,
715 3659 790 3700 saec.
806 3641 837 3700 II
855 3642 917 3699 fere
937 3640 1033 3700 medii.

233 3731 338 3790 Tibure
355 3729 427 3788 XIV
444 3731 528 3790 3637
550 3731 582 3788 Τ.
601 3731 706 3790 Aelius
725 3730 803 3806 Aug.
822 3730 873 3790 lib.
893 3729 1072 3807 Ampliatua

140 3909 217 3987 dixi3
235 3928 290 3968 nec
308 3909 407 3968 minus
427 3909 462 3967 de
481 3909 594 3968 Daciae
612 3910 836 3982 Dalmatiaepae
854 3908 960 3968 titulis.

229 4017 389 4076 Lambaesi
411 4035 518 4075 nomen
537 4015 682 4092 Ampliati
706 4015 780 4076 satis
803 4015 949 4074 usitatum
973 4015 1093 4076 videtur
1110 4016 1214 4092 fuisse3
1239 4018 1310 4076 item

139 4107 220 4165 bona
243 4106 345 4182 utique
369 4108 468 4164 aetate
489 4103 671 4180 Carthagine.
708 4103 853 4164 accedunt
875 4105 995 4180 singula
1018 4105 1195 4181 oppidorum
1217 4104 1313 4180 81966,

138 4196 290 4269 Hipponis
307 4196 401 4270 Rapit,
419 4195 518 4254 Siccae
536 4196 679 4271 exempla.

231 4303 324 4360 semel
346 4303 458 4362 Romae
482 4293 539 4382 (VI
556 4294 680 4382 14918)
699 4301 723 4360 Ρ
742 4320 901 4362 consonam
922 4302 948 4359 N
973 4301 1133 4378 praecedit.
1171 4302 1196 4359 B
1217 4320 1271 4378 pro
1291 4303 1314 4360 P

139 4391 254 4466 scripta
277 4393 324 4448 cst
346 4391 383 4448 in.
403 4391 493 4450 titulo
516 4390 560 4449 IX
574 4393 671 4452 4124.
712 4390 744 4450 16
767 4391 856 4450 616616
882 4390 982 4450 Attico
1007 4389 1074 4449 CIA
1092 4389 1244 4450 1111892
1269 4395 1314 4452 666

138 4475 389 4541 ΑΝΒΛΕΑΤΟΣ.
983 4523 985 4530 -
