3088 4886
715 271 766 326 (iu.
786 268 865 324 Ouo:

709 431 863 499 Adleotus

297 551 386 609 huius
406 549 641 608 humillimorum
666 547 797 607 virorum
817 545 999 624 cognominis
1024 545 1160 620 exempla
1177 563 1254 620 quae
1273 545 1377 602 extant

207 640 362 700 rarissima
380 637 508 698 maxime
527 637 564 694 ad
581 637 700 696 saecula
714 636 877 696 secundum
896 640 927 694 et
940 635 1064 694 tertium
1078 635 1219 694 videntur
1234 634 1378 708 spectare.

207 729 325 788 namin
345 729 435 788 titulo
456 729 569 786 urbano
589 746 614 784 a.
636 727 698 786 205
715 717 773 806 (Vl
793 719 893 804 1056)
909 724 1066 783 Adlectum
1082 724 1226 782 habemus
1241 721 1378 798 vigilem3

208 819 361 894 aliquanto
385 816 493 892 prioris
517 815 625 874 aetatis
650 816 756 891 opinor
780 833 847 874 esse
872 815 994 873 titulum
1020 811 1198 884 V111015‚
1222 811 1273 888 qui
1292 810 1380 868 liber·

206 909 302 966 tinum
323 907 452 966 exhibet.
489 904 649 963 Adiectum
668 923 788 964 servum
808 903 953 962 Carnunti
970 903 1070 962 iuveni
1088 895 1149 980 (ΠΙ
1171 892 1282 978 4414).
1319 900 1379 956 Βο-

205 999 282 1056 uillis
309 997 354 1055 ita
377 995 546 1071 adpellatus
571 996 617 1052 est
641 1011 717 1051 unus
741 1012 776 1050 ex
800 993 902 1051 ordine
926 992 1122 1066 adleotorum,
1151 989 1203 1065 qui
1228 989 1261 1049 L.
1283 988 1379 1047 Acilio

205 1087 240 1147 L.
259 1087 280 1145 f.
304 1086 422 1162 Pompt.
459 1084 598 1159 Eutyche
623 1081 796 1141 archimimo
825 1101 851 1140 a.
872 1083 934 1141 169
964 1081 1087 1138 titulum
1116 1078 1266 1139 dedicavit
1293 1072 1378 1154 (XIV

207 1168 316 1252 2408).
354 1173 515 1249 Allectum,
535 1171 674 1231 Oarausii
698 1172 819 1248 socium,
842 1171 934 1230 habes
958 1168 1036 1246 apud
1056 1169 1129 1229 Aur.
1145 1166 1220 1227 Vict.
1236 1165 1320 1226 Caes.
1337 1168 1377 1226 39

205 1269 236 1324 61
254 1264 334 1324 alibi.

703 1358 886 1444 Adoptatus

296 1494 330 1552 L.
350 1491 489 1569 Papirius
509 1491 543 1550 L.
559 1491 579 1550 f.
595 1489 859 1566 Lem.Adoptatus
880 1492 926 1549 est
945 1490 976 1548 in
999 1489 1088 1548 titulo
1107 1488 1212 1548 Piceno
1231 1487 1381 1550 1115523.

298 1583 352 1642 166
371 1601 479 1641 666166
498 1581 577 1640 idem
597 1581 660 1639 fere
679 1580 780 1640 velere
799 1582 872 1655 puto
892 1581 982 1655 atque
1002 1578 1140 1656 Optatus,
1166 1577 1202 1638 cl.
1223 1575 1381 1636 adamandi

206 1673 341 1734 verbum.

715 1768 879 1835 Adoratus

300 1888 355 1946 hoc
374 1904 483 1946 nomen
500 1885 613 1960 legitur
631 1883 663 1943 in
685 1879 776 1942 titulo
796 1884 937 1943 1111666116
955 1901 983 1942 n.
1002 1884 1085 1942 1369
1107 1873 1265 1962 (Bramb.).
1302 1881 1382 1940 idem

212 1978 275 2035 fere
295 1975 444 2053 significat
469 1975 559 2050 atque
582 1991 688 2032 nomen
708 1969 807 2052 Orati,
831 1973 866 2031 cf.
886 1971 951 2033 Liv.
967 1975 1055 2049 6,12:
1075 1991 1143 2030 cum
1166 1989 1269 2046 pacem
1295 1971 1381 2030 deum

214 2064 377 2125 adorasset.

700 2178 894 2262 Adquisltus

302 2313 481 2390 Adquiritus
505 2331 614 2372 nomen
638 2315 684 2371 est
706 2312 815 2371 vinarii
835 2312 945 2372 saeculi
969 2312 1081 2390 quarti,
1100 2312 1152 2388 qui
1171 2310 1278 2370 fraude
1298 2329 1385 2386 pecu-

213 2404 294 2464 niam
315 2403 372 2462 6111
397 2401 561 2463 vindicavit
578 2396 636 2481 (VI
653 2394 762 2482 1766).
801 2401 978 2477 adquirendi
993 2401 1160 2476 cupidinem
1180 2399 1246 2476 ipso
1266 2399 1385 2460 nomine

210 2495 349 2570 parentes
369 2491 532 2568 significari
550 2492 717 2550 voluerunt.

712 2625 881 2692 Adventus

300 2758 419 2818 nomine
443 2758 574 2820 Adventi
604 2757 729 2817 saeculis
753 2759 881 2816 maxime
905 2758 1042 2833 secundo,
1070 2757 1169 2834 tertio,
1200 2759 1308 2833 quarto
1334 2758 1385 2816 ho·

213 2849 308 2908 mines
327 2864 398 2906 usos
418 2865 482 2907 esse
498 2847 581 2906 tituli
596 2847 675 2905 haud
695 2847 756 2905 rari
770 2847 987 2906 demonstrant.
1017 2848 1068 2906 sed
1083 2847 1145 2906 fere
1161 2865 1264 2906 omnes
1279 2846 1387 2905 humili
1425 2900 1427 2904 .

214 2939 264 3000 vel
278 2937 352 2997 adeo
367 2938 469 2997 servili
483 2937 547 2996 loco
564 2937 622 2996 orti
637 2939 715 3014 sunt,
734 2955 915 3012 quamquam
930 2936 991 2995 iarn
1006 2939 1132 2996 exeunte
1147 2936 1267 2996 saeculo
1283 2954 1386 2995 seeun-

213 3029 252 3087 do
275 3027 322 3086 vir
345 3025 464 3086 nomine
488 3025 645 3086 Adventus
670 3026 859 3086 consulatum
878 3027 1006 3102 adeptus
1031 3029 1086 3100 est,
1114 3046 1211 3102 neque
1233 3025 1282 3084 hic
1306 3025 1387 3085 solus

214 3117 327 3176 maiore
345 3115 503 3176 fruebatur
522 3115 677 3192 dignitate.
714 3115 833 3176 videtur
857 3115 936 3174 enim
955 3115 1023 3175 huic
1047 3115 1160 3175 nomini
1184 3115 1213 3173 id
1233 3133 1293 3174 non
1312 3115 1386 3173 acci-

215 3206 304 3281 disse,
327 3204 406 3280 quod
424 3204 532 3265 6616116
553 3223 571 3263 6
589 3204 754 3280 participiis
774 3204 907 3264 oriundis
931 3224 1025 3281 paene
1051 3205 1187 3264 omnibus
1212 3203 1327 3276 accidit,
1351 3206 1388 3262 ut

216 3295 311 3354 servis
335 3292 485 3353 destinata
508 3295 688 3370 procedente
711 3297 846 3370 tempore
873 3294 1011 3370 ingenuis
1035 3312 1152 3370 quoque
1180 3311 1213 3352 ac
1236 3292 1387 3352 nobilibus

218 3385 443 3460 imponerentur
457 3383 642 3461 hominibus,
661 3383 751 3442 immo
766 3384 881 3458 pariter
899 3383 993 3443 servis
1013 3387 1043 3442 61
1057 3381 1279 3442 honestioribus
1293 3382 1387 3441 homi·

215 3474 303 3532 nibus
322 3471 450 3531 inditum
469 3475 524 3532 est.

303 3564 421 3621 arbona
449 3561 586 3637 exempla
613 3580 673 3622 non
701 3562 832 3638 optimae
856 3562 965 3621 aetatis
991 3565 1074 3637 sunt3
1107 3562 1241 3621 videmus
1269 3564 1390 3637 praeter

216 3651 334 3711 infimos
366 3650 501 3710 homines
530 3649 560 3710 Ο.
585 3649 718 3711 Caelium
743 3649 774 3711 0.
803 3651 823 3712 f.
849 3649 1016 3710 Arveutum
1048 3651 1133 3710 domo
1162 3650 1314 3709 Lucanum
1344 3670 1388 3725 eq.

217 3742 281 3802 coh.
296 3739 331 3798 V.
347 3759 390 3815 pr.
407 3730 464 3821 (VI
479 3732 580 3820 2572)
596 3743 626 3799 et
641 3740 741 3800 Seium
758 3741 929 3800 Adventum
943 3739 1066 3816 vigilem
1081 3759 1106 3798 a.
1122 3741 1185 3800 205
1203 3729 1261 3820 (VI
1278 3732 1388 3820 1056).

217 3829 421 3889 nobilissimus
446 3833 547 3888 autem
577 3829 636 3888 fuit
659 3827 692 3887 L.
718 3829 869 3888 Antistius
896 3828 1013 3889 Burrus
1036 3828 1194 3890 Adventus
1219 3848 1244 3888 a.
1269 3830 1332 3887 178
1356 3829 1387 3886 16

221 3917 370 3977 Saliorum
390 3917 597 3976 Palatinorum
616 3918 776 3995 collegium
795 3919 960 3994 cooptatus.

308 4007 340 4065 in
357 4007 456 4074 Latro,
474 4006 507 4064 in
524 4007 660 4074 Etruria,
678 4009 709 4066 in
727 4007 851 4082 Apulia,
874 4007 905 4066 in
923 4006 1025 4068 Sicilia
1045 4008 1164 4082 singula
1184 4007 1320 4083 exempla
1338 4008 1389 4066 de-

219 4097 328 4155 derunt
356 4095 528 4174 Tusculum,
561 4095 704 4174 Velitrae,
738 4097 837 4170 Blera,
865 4097 1000 4174 Luceria,
1029 4097 1174 4156 Thermae
1202 4095 1388 4156 Himeraeae.

219 4205 311 4244 unum
323 4185 484 4246 ,inventum
503 4187 550 4244 661
567 4185 701 4259 Piqueutt
718 4186 750 4245 in
768 4186 894 4258 Histria,
913 4206 1005 4245 unum
1023 4185 1150 4245 Arelate.

308 4273 356 4332 his
380 4274 525 4334 accedunt
547 4275 718 4351 paucissimi
739 4274 917 4335 Germanice
934 4277 1092 4350 utriusque
1116 4275 1211 4352 tituli,
1240 4294 1256 4334 e
1280 4275 1389 4351 quibus

217 4363 323 4513 ffirg
344 4363 473 4514 1tr'etrlrlum
496 4384 524 4423 n.
550 4366 634 4426 1791
661 4357 812 4447 (Bramb.)
831 4384 849 4423 a
868 4363 899 4424 O.
922 4363 1000 4424 Iulio
1018 4363 1157 4424 Advento
1176 4364 1217 4425 bf.
1235 4381 1293 4424 cos.
1312 4365 1390 4441 posi·
