3078 4874
228 231 294 298 926
562 239 565 244 ’
739 230 791 285 (iu.
806 230 888 286 Otto:

440 400 485 460 Vl
500 403 607 463 26703
626 400 799 478 Spurianus

317 492 386 552 uide
404 510 568 570 cognomen
584 489 724 566 sponna

711 614 919 692 Sponsanus

321 715 433 775 Romae
446 714 491 774 vl
505 716 614 774 29474
642 712 674 774 O.
698 713 842 774 Voltilius
870 713 1042 790 Sponsauus
1070 711 1103 772 C.
1126 711 1234 771 Voltili
1262 711 1399 772 Successi

498 809 652 880 patronus.

314 893 462 970 oppidum
482 893 561 952 unde
579 893 634 952 hcc
652 911 761 954 nomeu
778 894 912 969 potuerit
930 893 1073 952 declinari
1091 891 1160 952 novi
1178 891 1302 955 nullam.

753 1011 878 1078 Statius

318 1117 409 1177 Statii
427 1136 447 1176 a
464 1116 570 1176 nando
588 1135 697 1176 nomen
714 1117 893 1176 invenerunt
905 1110 1050 1195 (sacius
1069 1115 1246 1190 stabilitate,
1264 1115 1396 1174 Faustus

230 1227 249 1267 a
272 1208 376 1267 farore
398 1206 592 1283 praenomina
609 1199 765 1282 ceperunt'
784 1210 862 1266 auct.
881 1207 917 1265 de
937 1224 1037 1281 praem
1052 1196 1103 1286 4);
1125 1205 1287 1264 infantium
1306 1204 1400 1263 stetui

229 1299 391 1374 praeerant
414 1295 559 1355 Staienus
582 1293 701 1354 Statius
719 1295 887 1355 Statilinus.
925 1297 977 1354 sed
999 1295 1092 1354 latins
1114 1295 1248 1370 patuisse
1271 1293 1400 1356 nominis

230 1386 292 1448 rim
321 1387 553 1446 consentaneum
580 1387 628 1443 est
654 1389 745 1460 atque
772 1384 863 1443 etiam
888 1386 926 1444 ad
949 1383 1031 1444 vitae
1055 1387 1169 1444 statum
1193 1384 1311 1442 felicem
1333 1401 1399 1459 per·

231 1474 372 1550 tinuisse,
399 1491 453 1533 uec
476 1474 580 1549 procul
602 1473 671 1533 hinc
693 1473 805 1532 afuisse
828 1474 1003 1532 crediderim
1026 1473 1108 1534 Iovis
1133 1471 1277 1550 Statoris,
1300 1491 1319 1530 a
1342 1490 1400 1548 quo

233 1563 307 1624 dicti
324 1566 397 1623 suut
415 1561 538 1622 Statorii
558 1562 671 1639 Statrii,
690 1566 722 1621 et
740 1561 844 1623 Statue
861 1564 978 1634 metris,
998 1581 1088 1639 quem
1106 1562 1260 1622 noctuinis
1278 1561 1400 1638 ignibus

231 1654 432 1724 honorabant,
460 1653 634 1728 potestates.
675 1651 704 1710 A
730 1652 823 1711 habet
849 1652 1038 1729 productam,
1070 1653 1149 1710 uude
1182 1651 1328 1726 scriptum
1355 1654 1402 1709 est

230 1743 353 1804 chtiie
375 1743 407 1802 iu
429 1742 519 1800 titulo
542 1759 625 1816 osco,
646 1739 779 1801 &antius
801 1742 832 1800 in
850 1741 957 1815 latino,
980 1742 1133 1817 geminata
1151 1744 1199 1800 est
1218 1741 1242 1798 T
1260 1741 1292 1798 in
1310 1758 1400 1816 gene-

232 1832 296 1893 tivo
321 1829 486 1904 Σταττιηιε
508 1829 616 1906 lepidis
641 1830 715 1904 osci,
744 1849 872 1908 quacum
899 1831 996 1891 forma
1017 1830 1137 1890 suras
1159 1830 1293 1890 dativum
1319 1828 1403 1887 tituli

232 1920 429 1982 Aeclaneusis
442 1919 485 1978 IX
497 1921 582 1980 1303
602 1921 804 1979 coniunxerim
820 1912 957 2002 (Statius
970 1922 1081 1979 ltomae
1096 1919 1139 1978 Vl
1150 1921 1246 1996 2753,
1266 1919 1303 1977 cf.
1319 1917 1400 1978 Seel-

232 2011 332 2070 mauni
351 2011 477 2086 Ansspr.
491 2029 520 2084 p.
537 1999 624 2089 130).
658 2013 693 2068 nt
711 2028 730 2068 a
748 2013 827 2069 stato
846 2010 1005 2086 participio
1024 2009 1141 2068 Statius
1159 2009 1264 2067 fictum
1283 2011 1338 2083 est,
1355 2007 1401 2066 ita

232 2101 322 2160 etiam
341 2099 380 2158 ab
397 2100 463 2174 ipsa
480 2098 566 2158 verbi
580 2098 675 2174 stirpe
688 2099 810 2157 nomina
823 2101 891 2158 orta
904 2102 975 2158 sunt
988 2100 1150 2158 nonnulla:
1168 2097 1270 2158 Staius
1282 2095 1403 2156 Statius

233 2184 284 2262 (ci.
298 2189 394 2250 umbr.
410 2183 519 2268 snat),
539 2185 655 2248 Siccine
672 2186 844 2262 8161εά00)
864 2181 1024 2268 (Oscorum
1043 2188 1205 2248 declinatio
1225 2187 1260 2246 fit
1278 2205 1296 2246 a
1313 2181 1402 2267 uuio)

231 2277 364 2338 Statilius
381 2275 524 2337 litardius.

322 2365 436 2426 Statius
465 2383 645 2442 praenomen
671 2366 765 2426 fuisse
793 2386 829 2426 ex
851 2366 984 2426 Varrone
1007 2365 1140 2426 traditur
1164 2359 1214 2444 (de
1239 2383 1340 2440 prseu.
1356 2357 1402 2445 4),

234 2461 326 2533 atque
350 2455 424 2516 satis
447 2455 544 2514 multa
565 2454 655 2514 buius
676 2474 748 2515 usus
766 2456 903 2532 exempla
921 2457 1065 2532 praebent
1083 2455 1168 2514 tituli
1186 2457 1244 2514 osci
1258 2456 1403 2528 pactioni·

233 2563 287 2621 que
300 2536 426 2626 (Planta
438 2563 564 2623 gramm
573 2545 777 2606 inscr.coll.1.
789 2547 839 2604 13.
852 2547 1008 2606 120.129.
1021 2546 1094 2604 241.
1105 2546 1178 2605 245.
1191 2536 1279 2623 266),
1294 2543 1404 2619 quibus
1530 2573 1532 2580 ·

234 2635 380 2694 accedunt
402 2633 549 2694 librorum
576 2633 750 2693 testimonia
773 2625 855 2715 (vide
882 2654 908 2693 e.
930 2654 959 2710 g.
987 2635 1199 2710 imperatorem
1222 2631 1403 2692 Samnitium

235 2723 365 2783 Statium
390 2721 520 2782 Gellium
543 2725 663 2799 captum
687 2743 705 2782 a
727 2723 870 2784 Romanis
894 2743 920 2782 a.
940 2745 967 2784 u.
984 2725 1061 2796 446,
1086 2722 1150 2782 Liv.
1164 2722 1208 2782 IX
1221 2713 1280 2801 44)
1305 2725 1337 2781 et
1359 2722 1403 2780 in·

235 2813 412 2888 scriptiones
432 2812 543 2871 latinae
560 2813 669 2872 Italiae
684 2811 855 2886 Galliaeque
870 2812 1044 2887 Cisalpinae.
1078 2815 1201 2872 notatur
1220 2811 1262 2870 sic
1275 2809 1338 2871 Sta.
1352 2811 1404 2879 St..

234 2901 399 2981 posteriore
418 2904 518 2960 aetate
537 2901 627 2960 etiam
641 2900 713 2961 sinc.
747 2902 876 2961 exolevit
894 2921 953 2961 non
971 2902 1067 2960 multo
1086 2903 1156 2978 post
1169 2900 1400 2976 Vespasianum,

235 2991 324 3050 huius
334 2989 413 3050 enim
423 2991 533 3049 aetatis
542 2989 684 3050 videntur
693 3009 760 3050 esse
769 2991 1077 3068 teguleeMerciorum
1086 2991 1219 3050 urbanae
1229 2983 1405 3070 (cmv),

237 3080 268 3139 iu
289 3079 398 3155 quibus
419 3078 498 3138 Stati
515 3097 697 3156 praenomen
715 3080 841 3156 legitur,
864 3085 896 3140 st
911 3080 1063 3140 Domitius
1082 3081 1132 3158 qui
1151 3079 1355 3139 coniuratione
1373 3079 1406 3137 iu

237 3169 387 3228 Neronem
406 3167 524 3228 demota
543 3187 569 3228 a.
581 3169 622 3230 65
642 3169 797 3229 tribunatu
812 3174 918 3229 exutus
934 3174 980 3229 est
995 3159 1282 3250 (Tac.ann.15,71)
1301 3167 1404 3228 eodem

235 3258 426 3334 praenomine
444 3258 562 3318 videtur
580 3277 652 3318 usus
672 3277 745 3320 esse.

327 3348 378 3406 sed
397 3346 457 3406 fuit
475 3347 567 3407 etiam
586 3348 693 3408 servile
711 3367 821 3409 nomen
839 3345 963 3426 antiqua
980 3349 1174 3423 lamestats,
1196 3346 1229 3405 id
1247 3346 1327 3424 quod
1345 3365 1405 3405 non

240 3437 337 3496 solum
357 3435 471 3496 Gellius
495 3437 573 3496 clare
597 3437 669 3496 dicit
692 3439 723 3497 et
745 3438 846 3499 adlato
866 3437 976 3498 Caecili
994 3436 1074 3497 Stati
1096 3435 1280 3496 celeberrimi
1298 3439 1406 3511 poetae

240 3524 416 3602 cognomine
434 3525 543 3601 probet
557 3517 615 3607 (IV
631 3518 697 3607 20),
716 3528 768 3587 sed
788 3527 878 3586 etium
897 3527 986 3586 multi
1002 3527 1210 3586 libertinorum
1227 3524 1309 3584 tituli
1323 3524 1406 3584 lucu·

240 3613 407 3674 lentissime
426 3613 633 3674 demonstrant
651 3611 733 3695 (vide
752 3607 1087 3698 e.g.11322.1406).
1154 3691 1157 3695 .

330 3721 438 3762 nomen
466 3703 651 3782 gentilicium
679 3705 739 3764 iam
762 3706 853 3765 tertio
878 3705 959 3765 urbis
983 3705 1100 3765 saeculo
1123 3704 1195 3780 fnit,
1218 3703 1256 3762 T.
1276 3702 1407 3762 Statium

116 3841 118 3846 .
242 3792 328 3850 enirn*l
339 3792 408 3852 trib.
427 3793 467 3868 pl.
487 3792 579 3851 fuisse
598 3811 623 3852 a.
638 3813 666 3852 u.
678 3795 741 3855 279
760 3795 864 3856 Livius
879 3793 910 3854 II
925 3796 966 3854 52
985 3793 1086 3853 tradit.
1118 3797 1187 3870 post
1206 3793 1284 3852 hunc
1297 3791 1329 3851 iu
1347 3810 1406 3850 usu

240 3881 300 3940 fuit
322 3881 384 3940 fere
408 3898 502 3959 usque
526 3881 563 3940 ed
587 3883 738 3943 saeculum
757 3882 869 3944 Christi
889 3884 1043 3961 quintum,¹
1065 3901 1244 3960 quemquem
1263 3881 1295 3940 iu
1313 3882 1407 3941 Iletia

240 3970 301 4030 iam
321 3970 441 4030 saeculo
460 3972 568 4048 quarto
587 3971 684 4032 rarius
703 3973 796 4033 fuisse
814 3973 897 4033 tituli
916 3974 1031 4033 docent
1059 3968 1171 4031 saeculi
1191 3971 1291 4047 quarti
1309 3970 1407 4029 altere

238 4062 326 4137 parte
350 4059 386 4120 de
411 4060 564 4120 vocabulis
587 4080 688 4120 rerum
711 4062 831 4139 scripsit
849 4061 964 4122 Statius
984 4061 1150 4121 Tullianus.
1187 4064 1278 4136 atque
1295 4061 1408 4119 Remos
1520 4105 1525 4118 .

242 4150 297 4209 hoc
315 4167 423 4209 nomen
442 4149 500 4210 fuit
517 4150 792 4227 frequentissimum
808 4153 938 4228 itemque
957 4152 988 4211 in
1002 4152 1111 4212 Italiac
1124 4149 1295 4227 regionibus
1309 4149 1408 4224 prima

243 4237 374 4298 secunda
392 4241 500 4315 quarta
519 4240 631 4316 quinte,
650 4258 751 4300 rerum
765 4243 866 4300 autem
879 4243 909 4300 iu
924 4242 1022 4300 tertia.
1051 4259 1139 4318 saepe
1154 4239 1245 4300 etiam
1259 4239 1290 4298 in
1306 4237 1408 4298 Gallia

242 4325 395 4402 dicebatur
417 4327 580 4406 invenitur;
600 4330 655 4391 sed
678 4329 710 4388 iu
733 4331 839 4390 ceteris
859 4329 1033 4408 provinciis,
1057 4332 1179 4406 excepta
1196 4325 1363 4394 Dalmatia,
1387 4346 1405 4385 a

239 4417 341 4491 paucis
364 4421 542 4492 usurpatum
567 4421 621 4478 est.
658 4438 694 4479 ex
712 4419 810 4478 titulis
829 4419 908 4496 eligo
926 4420 994 4480 hos:
1017 4420 1051 4479 L.
1067 4417 1199 4480 Statium
1218 4417 1276 4478 Sal.
1295 4418 1315 4476 f.
1334 4417 1406 4476 duo-
