3078 4874
297 251 419 306 Nomina
435 253 550 323 proprius
566 251 658 308 latina
675 253 794 308 oriunda
810 270 829 307 a
844 255 1003 326 participiis
1020 255 1147 326 perito&
1243 255 1307 319 85‘1'

625 423 823 483 Adiectula

227 527 301 587 Aur.
331 527 432 588 silicia
455 530 616 590 Adiectula
638 535 687 591 est
712 532 744 590 in
766 532 858 591 titulo
882 532 995 590 roae
1017 530 1062 590 VI
1077 533 1183 593 13381
1208 535 1308 592 aetate

134 617 302 690 posteriore
320 619 441 695 suripto.
455 650 500 662 -
517 620 586 680 ride
603 620 756 681 Adieetoa

642 720 797 788 Adiutius

226 829 330 891 Adiut.
345 831 454 893 Sextus
470 835 558 894 miles
576 838 624 894 est
635 835 668 894 in
686 836 779 895 titulo
792 836 934 896 mm
951 833 1159 914 01311311,
1176 835 1228 911 qui
1242 852 1307 894 sae-

132 919 202 978 eulo
220 922 311 981 tertio
329 923 480 998 antiquior
496 943 557 983 nou
574 928 630 984 est.
650 956 691 966 -
711 926 747 984 cf.
766 925 921 985 Adiuturn.

521 1087 525 1092 -
622 1041 826 1109 Adventinus

223 1151 383 1214 Lambaesi
404 1154 480 1214 VIII
499 1157 585 1216 3939
614 1154 699 1215 Oeta
728 1157 913 1234 Adsentiua,
943 1157 1091 1233 veterani,
1116 1161 1152 1217 ut
1173 1153 1304 1233 uidetur,

499 1245 570 1303 tilia.
607 1239 741 1317 (0000010
759 1245 807 1304 III
825 1247 908 1320 prior
925 1246 974 1306 hie
991 1247 1099 1306 titulus
1118 1264 1178 1306 non
1196 1237 1266 1327 est)

221 1331 290 1390 vide
309 1332 401 1391 etiam
419 1334 553 1411 tegulam
570 1333 618 1394 III
632 1336 769 1410 8275,3.
791 1365 829 1376 -
850 1336 953 1395 confer
971 1336 1135 1396 Adventus.

659 1471 788 1537 Aietius

219 1578 313 1638 Aietii
331 1581 369 1650 ab
388 1583 446 1642 Aio
464 1583 519 1642 deo
536 1603 646 1643 nomen
663 1585 814 1644 muenisse
832 1591 967 1661 possunt.

215 1668 335 1729 Aietius
345 1670 452 1732 Pastor
462 1677 583 1733 senator
592 1677 640 1733 est
648 1693 695 1749 ap.
705 1673 774 1733 Seu.
784 1679 918 1734 controv.
930 1678 959 1752 1,
967 1676 996 1752 3,
1008 1679 1060 1737 11.
1068 1707 1112 1718 -
1121 1674 1190 1736 ride
1199 1675 1301 1736 Axios.

639 1811 793 1877 Albutius

214 1920 270 1979 hoo
283 1922 437 1999 gentilicio
446 1923 554 1983 Lunae
567 1925 626 1983 duo
640 1924 815 1984 decuriones
830 1924 950 2002 collegii
963 1925 1083 1984 fabrum
1097 1923 1298 2001 tignariorum

118 2008 174 2066 usi
195 2015 267 2068 sunt
289 2001 348 2092 (XI
367 2009 483 2094 1355),
506 2014 543 2073 A.
564 2013 706 2073 Albutius
730 2012 892 2074 Corinthus
916 2019 948 2074 et
970 2013 1003 2084 Q.
1025 2014 1167 2073 Albutius
1189 2012 1299 2073 Verna.

118 2097 193 2156 vide
213 2117 339 2175 sequeus
358 2121 475 2164 nomen.
505 2151 508 2156 .

632 2185 788 2251 Albutius

215 2295 270 2354 hoe
291 2315 399 2356 nomen
421 2299 610 2375 gentilicium
632 2301 776 2376 seriptum
802 2300 896 2360 fuisse
919 2298 1051 2359 traditur
1073 2298 1105 2357 in
1127 2298 1217 2358 tItulo
1242 2299 1299 2358 Hi·

118 2386 248 2456 spaoiae
269 2387 496 2448 Tarraconensis
514 2388 545 2448 H
561 2391 662 2466 2509,
685 2390 738 2464 qui
755 2389 855 2465 periit.
892 2389 943 2448 sed
962 2390 1034 2465 quia
1051 2406 1162 2448 nomen
1180 2387 1300 2447 Albueii

119 2472 207 2530 hand
229 2492 298 2534 raro
322 2477 488 2554 invenitur,
511 2479 566 2538 hoe
588 2479 676 2538 facile
700 2480 804 2537 eredas
827 2479 860 2537 in
877 2478 966 2536 titulo
986 2477 1091 2554 fuisse;
1116 2495 1299 2553 quamquam

116 2559 250 2620 Albulis
278 2567 309 2622 et
336 2566 518 2625 Albutianus
541 2568 687 2643 adparent
709 2567 741 2625 in
763 2567 956 2644 inscriptione
981 2565 1097 2626 Galliae
1121 2563 1298 2644 Cisalpinae,

117 2669 200 2727 quae
220 2671 290 2712 seue
309 2658 340 2713 01
357 2654 424 2730 ipsa
440 2655 537 2731 periit.
575 2657 770 2732 grammatice
789 2676 848 2716 non
866 2657 1045 2732 refragatur,
1059 2673 1130 2713 nam
1143 2659 1178 2714 ut
1192 2674 1210 2714 a
1223 2673 1297 2714 uano
1317 2677 1323 2686 ·

116 2743 171 2799 est
190 2745 315 2802 canutus
335 2735 441 2824 (gloss.
461 2743 528 2822 Cyr.
549 2741 663 2805 stolide
685 2764 778 2806 uanus
801 2735 954 2827 canutus),
977 2746 1021 2804 ite
1043 2745 1082 2803 ab
1106 2744 1174 2804 elbo
1198 2747 1297 2804 ortum

116 2847 190 2889 esse
215 2835 318 2906 potest
335 2832 465 2893 albutus.

593 2923 817 2984 Albutianus

211 3027 244 3086 in
262 3047 333 3102 apro
351 3031 576 3091 Mediolaniensi
593 3030 621 3088 V
642 3033 727 3092 5712
747 3030 781 3091 P.
796 3031 979 3090 Albutianus
998 3030 1182 3091 Primitivus.
1223 3030 1296 3090 titu-

114 3117 169 3175 lus
188 3116 308 3177 videtur
324 3119 458 3194 periisse.

617 3203 800 3269 Alfenatius

207 3312 380 3374 Alienatius
399 3315 580 3375 declinatum
605 3319 652 3376 est
674 3317 713 3376 ab
732 3309 864 3392 *elfeuo,
886 3315 966 3374 unde
985 3313 1169 3392 gentilitium
1190 3314 1292 3375 Alfeni

115 3401 268 3476 originem
287 3403 391 3480 habet3
411 3404 492 3462 aliud
511 3407 612 3464 autem
631 3407 719 3464 huius
738 3399 881 3465 adieetiui
898 3404 1060 3480 vestigium
1074 3404 1199 3478 nullum,
1215 3405 1294 3482 quod

115 3490 227 3569 seiam,
253 3494 348 3569 extat3
374 3493 427 3552 sed
446 3493 700 3572 propinquarum
724 3515 758 3555 eo
781 3495 940 3555 coniuncta
963 3496 1035 3554 sunt
1058 3494 1235 3572 cognatione
1254 3493 1295 3552 al-
1393 3565 1397 3572 Ι

115 3579 199 3639 bede
219 3587 250 3638 01
269 3582 392 3640 verbum
411 3583 539 3642 elbendi.
576 3584 677 3644 confer
696 3585 788 3644 etiam
806 3603 914 3643 nomen
932 3583 1101 3643 Helveneti.

209 3669 380 3730 Alienatiee
403 3671 511 3731 Florae
534 3673 646 3732 Romae
667 3674 791 3732 titulum
814 3673 915 3748 posuit
938 3671 972 3731 P.
990 3671 1112 3731 Vettius
1135 3671 1211 3732 Dius
1235 3665 1294 3754 (VI

119 3749 261 3840 11424);
281 3759 339 3818 duo
358 3759 473 3835 lapides
494 3761 640 3821 Tiburtini
667 3761 738 3820 XIV
753 3764 839 3822 3679
856 3763 988 3822 014256
1003 3761 1294 3836 praebentL.Alfe·

115 3846 717 3926 1011111Ρ11001111111011101,0127.
756 3851 941 3911 Alfenetiam
965 3849 1135 3910 Flosoulam
1158 3852 1294 3912 nominat

114 3935 229 3996 titulus
247 3935 452 3998 Salemitaous
469 3939 496 3997 X
511 3941 584 4000 552.

649 4041 761 4118 Alsius

208 4151 266 4211 boo
292 4153 478 4230 gentilicium
506 4154 686 4214 Heroelanei
714 4155 871 4214 inventum
897 4155 930 4214 in
953 4155 1042 4214 titulo
1066 4154 1291 4226 X1403d3‚9

115 4243 223 4300 utrum
247 4241 372 4317 originis
396 4241 436 4302 sit
458 4243 570 4302 letinae
594 4244 631 4303 ab
656 4243 784 4319 algendo
809 4243 944 4318 duetum,
969 4263 1008 4303 en
1030 4262 1156 4321 graecae
1179 4263 1198 4304 a
1219 4261 1292 4304 vooe

116 4323 216 4390 ἄλεο(
235 4331 406 4403 oriundum,
431 4350 470 4391 an
493 4333 619 4410 donique
639 4334 677 4392 ad
695 4332 813 4392 Alsium
836 4333 977 4394 Etruriae
1002 4333 1144 4409 oppidum
1168 4337 1292 4409 speotet,

115 4418 233 4478 dubito.
251 4451 298 4460 —
315 4419 382 4480 vide
401 4421 516 4481 Alsum.
