3088 4886
742 237 794 294 Gu.
814 237 894 295 Otto:

736 400 897 468 Exoratus

320 535 377 594 hoo
399 552 507 594 nomen
530 534 561 591 in
582 531 690 592 Galliis
709 531 861 608 Cisalpina
880 538 910 593 et
927 533 1114 594 Narbonensi
1138 532 1175 592 ab
1199 533 1321 592 ineunte
1341 551 1403 592 sae·
1527 523 1528 596 ᾗ

232 625 297 683 0010
321 643 350 699 p.
370 621 435 683 (1.1
459 641 554 698 usque
578 623 617 680 ad
636 621 682 680 lIl
705 623 737 680 iu
761 623 891 682 maximo
918 641 975 681 usu
1003 623 1074 699 fuit3
1101 622 1195 681 multo
1224 622 1322 684 minus
1336 621 1403 681 ΙΙ110·
1527 637 1528 650 ³

231 714 294 772 ruit
320 713 352 771 ln
381 712 503 779 Norico,
531 711 563 769 in
590 711 747 771 Panionia
775 731 853 788 sup,
880 713 911 770 in
939 713 1107 781 Dalmatia,
1139 713 1170 770 in
1198 710 1312 784 Africa.
1350 711 1403 770 sed

232 802 354 861 minime
373 805 528 878 acceptum
542 801 601 860 fuit
613 801 737 869 Italicis,
755 801 787 860 id
807 802 887 878 quod
905 802 954 862 uel
972 801 1041 860 inde
1060 803 1195 878 adparet,
1214 801 1292 876 quod
1310 819 1405 875 pauoa
1501 811 1503 816 '

232 892 287 951 illa
310 892 446 966 exempla
469 891 584 949 urbana
608 908 748 966 magnam
766 894 884 966 partem
908 891 1054 968 originem
1078 894 1230 949 testantur
1249 889 1406 950 Gallicam.

233 980 420 1056 gentilicium
439 979 574 1038 Exoratii
598 979 657 1038 nisi
676 978 757 1039 Comi
780 997 840 1038 non
858 980 1018 1039 invenitur.
1055 980 1178 1038 Exorati
1196 979 1405 1054 Exorataeque

233 1071 296 1129 fere
316 1087 417 1128 omnes
436 1068 543 1128 humili
561 1069 615 1128 vel·
630 1067 721 1128 etiam
740 1069 841 1130 seruili
860 1070 925 1128 loco
943 1069 1006 1128 nati
1026 1072 1105 1128 sunt.

325 1159 469 1217 subiciam
488 1158 643 1234 graviores
661 1158 777 1218 titulos.

322 1248 434 1307 Romae
448 1246 614 1307 V12375u
632 1247 691 1306 (luo
710 1247 821 1306 milites
839 1247 1031 1322 praetoriani,
1053 1267 1180 1323 quorum
1200 1248 1277 1306 alter
1294 1246 1406 1322 Epore-

501 1337 621 1414 diensis,
637 1336 803 1412 imperante
818 1337 980 1396 Hadriane.

447 1425 490 1483 VI
502 1426 622 1497 2382b‚
639 1427 657 1485 5
676 1426 762 1484 miles
781 1431 875 1503 praet.
896 1427 982 1485 domo
1001 1426 1091 1502 Luca,
1110 1445 1136 1487 a.
1153 1428 1225 1486 176.
1284 1445 1285 1448 ’
1345 1495 1348 1499 ,

340 1579 344 1586 ,
448 1514 492 1572 VI
505 1516 590 1574 1063
610 1514 752 1574 Aurelius
771 1515 939 1574 Exxoratus
959 1507 1030 1597 (sio)
1049 1516 1132 1591 vigil,
1152 1534 1178 1574 a.
1195 1517 1268 1574 212.

297 1639 299 1643 ,
330 1603 444 1663 Veleiae
462 1603 505 1662 VI
521 1605 692 1679 1147,6,98
712 1604 836 1664 Aurelia
853 1605 999 1675 Exorata,
1018 1606 1185 1680 imperante
1205 1604 1344 1662 Traiano.

325 1693 465 1752 Nartoae
482 1692 541 1750 XII
556 1695 643 1753 4448
663 1691 831 1754 acessus
855 1694 1005 1754 Exoratus
1026 1688 1159 1776 (litterae
1179 1697 1249 1753 sunt
1268 1691 1409 1752 saeculil

557 1774 751 1866 insipientis).

326 1870 394 1932 vide
413 1871 599 1948 gentilloium
617 1871 762 1932 Exoratii.

747 2027 887 2094 Exortus

242 2151 245 2157 '
328 2136 459 2208 Exortus
484 2148 667 2209 Secundinns
692 2149 792 2209 estin
814 2149 905 2209 titulo
927 2147 975 2208 III
998 2149 1081 2210 5131
1107 2150 1187 2209 iuter
1212 2149 1355 2208 Emonam
1379 2151 1410 2208 et

241 2237 377 2298 Celeiam
395 2237 499 2297 Norioi
516 2237 647 2298 invento.
684 2239 819 2298 conferas
837 2257 945 2298 nomen
964 2238 1143 2298 Exorientis.

725 2410 923 2494 Expeotatns

328 2541 384 2602 hoo
402 2560 510 2600 nomen
529 2560 595 2600 oum
611 2545 709 2602 ortum
727 2545 807 2601 esset
824 2542 905 2601 inter
919 2560 1021 2603 servos
1036 2543 1168 2619 Augusti
1185 2542 1248 2601 fere
1264 2547 1364 2602 aetate
1380 2549 1412 2602 et
1533 2569 1534 2602 l

239 2631 330 2709 paulo
358 2635 428 2707 post
455 2631 535 2707 apud
559 2631 692 2690 homines
722 2631 757 2690 de
781 2632 869 2707 plebe
893 2650 952 2691 non
974 2632 1146 2708 infrequens
1170 2635 1262 2706 esset,
1292 2632 1411 2691 saeculo

239 2742 267 2798 p.
284 2720 314 2780 0.
330 2721 420 2780 tertio
434 2721 466 2779 in
483 2739 539 2778 usu
554 2739 619 2780 esse
639 2721 735 2797 magis
755 2721 910 2797 magisque
926 2722 1029 2799 desiit;
1048 2721 1235 2780 rarissimum
1255 2724 1335 2780 uerte
1353 2722 1413 2780 fuit

240 2830 275 2870 eo
294 2812 439 2888 tempore,
457 2829 515 2886 quo
535 2809 610 2868 vixit
627 2809 811 2885 Expectatus
829 2801 870 2891 (si
888 2829 994 2869 revera
1016 2812 1060 2868 ita
1078 2815 1202 2869 uocatus
1222 2807 1282 2890 est)
1301 2810 1336 2884 is,
1360 2811 1414 2886 qui

240 2900 411 2958 nominatur
438 2899 469 2956 in
499 2896 690 2957 Cemenelaisi
723 2899 811 2957 titulo
844 2898 1007 2958 christiano
1036 2891 1204 2976 V†*7978
1240 2901 1310 2959 anni
1338 2902 1413 2960 474.

240 2988 337 3047 multa
361 2987 449 3046 huius
468 2987 594 3046 nominis
614 2988 749 3063 exempla
767 2987 943 3062 prodierunt
961 2989 992 3046 in
1005 2989 1099 3047 Italia
1113 2980 1259 3070 (maxime
1278 2991 1309 3048 in
1326 2993 1414 3065 parte

163 3118 167 3128 .
241 3076 340 3136 media
359 3079 390 3135 et
404 3068 666 3157 septemtrionali),
684 3077 716 3134 in
732 3076 834 3137 Gallia
849 3075 1012 3151 Cisalpina,
1030 3080 1061 3136 in
1075 3077 1232 3139 Parmenio
1252 3078 1414 3156 superiore,

241 3167 272 3224 iu
284 3166 401 3234 Norico,
415 3167 446 3224 in
460 3166 624 3235 Dalmatia,
644 3165 763 3244 singula
777 3166 809 3225 in
820 3168 969 3241 Hispania
985 3171 1016 3226 et
1030 3167 1061 3225 in
1075 3165 1191 3242 Africa.
1225 3167 1245 3228 S
1260 3168 1415 3226 rarissime

242 3275 309 3314 oum
333 3273 461 3315 consona
484 3255 512 3313 X
535 3255 734 3333 coniungitur,
754 3255 935 3333 aliquotiens
954 3257 1048 3316 vioem
1068 3257 1133 3316 eius
1152 3257 1277 3317 obtinet.

331 3345 442 3404 Romae
455 3344 500 3402 VI
515 3346 627 3405 2381b
641 3348 679 3406 16
696 3343 845 3406 (10111103
860 3344 891 3405 Ο.
902 3346 921 3406 f.
932 3346 1015 3407 Pom.
1030 3346 1213 3422 Itxpeotatus
1228 3347 1315 3406 miles
1329 3365 1414 3422 prae·

514 3434 659 3513 terimus,
679 3453 705 3494 a.
727 3436 800 3495 155.

334 3523 442 3584 Tibure
459 3522 530 3582 XIV
546 3525 631 3584 3643
653 3524 692 3584 Μ.
712 3523 839 3584 Helvius
867 3523 1060 3603 lepeotatus,
1087 3527 1202 3585 a.172.
1248 3517 1343 3606 (idem
1370 3526 1416 3584 bis

545 3613 726 3687 nominatur,
745 3613 840 3672 altero
859 3613 924 3672 loeo
941 3614 1061 3674 litterae
1076 3613 1103 3672 X
1117 3615 1233 3674 adiecta
1252 3618 1298 3674 est
1317 3605 1361 3696 S).

339 3703 452 3762 Veleiae
470 3701 514 3762 XI
530 3703 625 3778 1147,
640 3704 669 3780 3,
688 3704 726 3761 17
748 3702 859 3762 Atilius
878 3703 1071 3779 Expectatus,
1090 3704 1159 3780 imp.
1180 3704 1318 3763 Traiano.

334 3789 451 3852 Salonis
468 3791 515 3850 ΙΙΙ
529 3792 555 3849 D
571 3791 644 3849 XVI
658 3793 694 3850 A.
704 3787 885 3851 Volumnius
900 3792 1091 3868 Expectatus,
1106 3793 1193 3852 testis
1207 3793 1239 3851 in
1253 3793 1416 3869 diplomate

466 3881 591 3939 militari
609 3900 635 3940 a.
652 3883 703 3941 93.

333 3969 502 4030 Lamasbae
521 3969 595 4028 VIII
610 3971 759 4047 4440‚4,4
780 3969 934 4031 cornelius
953 3971 1144 4050 Expectatus,
1163 3972 1329 4049 imperante
1349 3973 1418 4032 Ela-

604 4059 723 4135 gabelo.

743 4213 921 4297 Expeditus

337 4355 445 4396 nomen
464 4336 572 4397 servile
587 4336 742 4396 inventum
761 4338 891 4396 fortasse
910 4337 1032 4394 ineunte
1045 4337 1164 4396 saeculo
1183 4359 1211 4414 p.
1228 4337 1258 4396 O.
1274 4337 1371 4412 primo
1387 4342 1419 4397 et

251 4427 345 4489 servis
363 4445 418 4487 neo
437 4445 496 4486 non
515 4426 653 4504 ingenuis
673 4425 757 4486 tenui
775 4426 840 4485 loco
859 4426 932 4486 ortis
952 4425 1079 4485 inditum
1099 4427 1224 4486 saeculis
1242 4425 1348 4504 primo,
1372 4446 1418 4487 se-
