3078 4874
233 229 297 294 898
748 227 799 283 Ga.
819 229 899 283 Otto:

232 400 361 476 cognata
375 401 445 458 6666
458 399 579 457 nomina
589 399 728 458 Marrias
742 391 791 476 (X,
805 389 901 478 XIV),
917 399 1095 465 Marratias,
1108 397 1283 456 Morrecr'as
1290 388 1404 478 (XIV),

232 491 403 549 Marriar'us
416 479 485 570 (Π).
521 487 634 546 666161
653 487 818 546 Marrutius
837 486 1021 545 simillimum
1040 490 1088 545 est
1105 487 1282 546 Morroties.
1309 569 1311 574 ,

323 579 499 636 Marrutiam
526 577 686 635 Maximam
712 575 857 635 habemus
884 577 916 634 in
933 576 1023 635 titulo
1053 575 1177 636 Otrteasi
1203 575 1278 632 VIII
1303 575 1407 650 75893

234 667 399 727 Manutius
418 667 575 743 episeopus
593 665 754 725 Africanus
774 668 820 725 666
838 666 917 742 apud
937 663 1026 742 prr.
1041 684 1086 741 ep.
1102 666 1140 726 57
1163 668 1194 724 66
1214 667 1264 725 70.

760 801 879 866 Masius

323 927 341 966 a
359 907 443 966 Maso
462 907 733 984 declinatum,quod
751 906 828 967 vide.

329 997 472 1057 76666666
489 997 532 1054 IX
547 997 610 1056 475
631 996 670 1054 Μ.
685 995 813 1054 Α616166
834 995 883 1070 Sp.
899 995 918 1056 f.
934 997 965 1054 et
983 995 1016 1054 T.
1032 994 1144 1054 Masius
1164 994 1231 1054 Τ.1.
1248 989 1354 1053 Pamfi.

328 1086 459 1147 Veronae
476 1084 504 1142 V
520 1086 605 1145 3666
623 1085 665 1144 Μ.
679 1085 791 1144 Masius
811 1085 857 1144 Μ.
872 1130 879 1142 .
894 1129 917 1144 ..

322 1177 361 1235 ad
379 1176 512 1234 Rhenum
530 1172 625 1234 clau.
641 1176 705 1234 394
725 1174 846 1233 Masius.

531 1262 625 1322 CIRh.
637 1264 700 1324 632
711 1263 823 1322 Masius
832 1263 955 1323 Ianuari
962 1266 993 1322 et
1003 1262 1140 1322 Titianus
1149 1261 1280 1338 Ianuari,
1291 1281 1318 1321 a.
1330 1263 1408 1322 238.

323 1354 470 1412 rhenanae
493 1354 548 1411 has
571 1353 713 1430 gallicum
730 1353 830 1428 potius
853 1371 942 1428 quam
965 1351 1093 1411 latinum
1116 1371 1223 1411 nomen
1246 1351 1407 1411 ostendere

234 1445 299 1504 veri
323 1443 419 1502 simile
438 1446 498 1517 est,
524 1443 594 1518 quia
613 1461 631 1500 a
649 1441 745 1501 latina
764 1441 971 1517 cognominum
989 1440 1196 1517 fingendorum
1214 1441 1331 1500 ratione
1351 1441 1407 1500 ab·

234 1535 346 1592 horret
384 1533 519 1608 exempla
542 1531 658 1590 duabus
678 1531 697 1589 S
717 1531 841 1609 scripta,
866 1549 944 1608 quae
968 1533 1048 1590 uerte
1073 1531 1133 1589 siut
1156 1531 1263 1610 latina,
1281 1550 1341 1590 non
1361 1531 1406 1588 16-

234 1642 330 1682 vemo.

705 1709 823 1768 Masso
841 1708 938 1768 Maso
961 1777 966 1792 Ι

325 1809 361 1868 de
385 1807 499 1886 origiue
524 1806 613 1866 huius
637 1807 763 1865 nominis
784 1809 815 1864 et
833 1807 869 1865 de
887 1806 1058 1866 nominibus
1077 1807 1211 1882 cognatis
1229 1824 1326 1881 66666
1345 1806 1410 1866 dixi

236 1901 269 1959 iu
297 1897 471 1976 cognomine
499 1896 599 1956 Massi.
646 1897 697 1973 qui
723 1896 755 1954 in
782 1895 880 1955 titulis
906 1889 1097 1954 inveniuntur
1125 1897 1276 1954 Massones
1296 1895 1409 1972 gallico

235 1989 376 2048 ridentur
395 1987 443 2045 usi
461 2004 526 2046 esse
545 1985 664 2044 nomine
684 1977 765 2064 (vide
779 1985 904 2044 Holderi
921 1978 1120 2061 thesaurum).
1162 1985 1241 2060 apud
1255 1985 1410 2046 Romanos

237 2081 339 2138 autem
362 2076 422 2135 iam
447 2075 569 2151 antiquo
593 2082 727 2149 tempore
747 2074 895 2134 Messenis
917 2093 1025 2134 nomeu
1042 2073 1163 2134 civitate
1183 2073 1327 2134 donatum
1348 2077 1410 2150 est,

237 2169 273 2227 de
293 2165 482 2242 Papiriorum
499 2163 672 2224 Massouum
696 2163 775 2222 enim
798 2168 887 2241 gente
906 2164 1033 2239 patricia
1051 2161 1153 2223 Cicero
1172 2163 1211 2222 ad
1229 2163 1300 2223 fam.
1321 2167 1351 2240 9,
1368 2166 1407 2222 21

236 2257 329 2317 verba
351 2254 438 2331 fauit,
461 2259 552 2330 atque
575 2259 680 2329 666666
702 2253 849 2328 plebeiam
872 2271 990 2328 quoque
1014 2255 1135 2330 gentem
1156 2253 1200 2312 ita
1223 2253 1407 2328 adpellatam
1519 2271 1520 2336 3

238 2365 302 2406 esse
324 2345 527 2404 Mommsenus
551 2343 637 2402 docet
659 2342 691 2399 16
714 2345 829 2417 666666.
843 2361 916 2401 rom.
931 2341 947 2400 I
964 2361 992 2417 p.
1010 2345 1082 2402 116.
1123 2341 1283 2418 scriptione
1306 2346 1403 2401 autem

236 2436 355 2495 variant·
379 2432 462 2492 libri:
486 2449 555 2490 nam
578 2449 646 2490 eum
663 2433 818 2491 Massones
836 2433 972 2508 legamus
992 2431 1071 2506 apud
1090 2428 1148 2490 016.
1168 2432 1206 2490 ad
1224 2432 1295 2490 fam.
1312 2434 1341 2509 9,
1360 2433 1408 2509 21,

237 2523 317 2600 apud
344 2524 408 2582 Liv.
430 2523 480 2596 25,
500 2523 530 2593 2,
558 2521 637 2596 6666
651 2520 718 2579 Val.
737 2521 814 2581 Max.
833 2519 880 2578 ΙΠ
896 2523 924 2596 6,
940 2522 973 2597 5,
1000 2523 1155 2580 Masonem
1182 2520 1316 2580 ostendit
1343 2521 1409 2580 Liv.
1519 2543 1520 2548 ¹

240 2617 290 2688 21,
306 2614 346 2672 25
367 2613 418 2686 al,
438 2611 522 2670 Maso
542 2611 633 2668 etiam
653 2615 699 2669 est
715 2610 747 2668 in
765 2610 852 2670 fastis
871 2608 1056 2685 Capitolinis.

329 2700 360 2761 Ο.
374 2699 512 2776 Papirius
532 2698 563 2758 O.
577 2698 598 2760 f.
612 2698 645 2759 L.
660 2718 689 2758 6.
704 2700 786 2758 Maso
806 2719 875 2778 6.,6.
891 2719 915 2759 6.
930 2701 993 2760 523
1004 2697 1118 2760 ¹oonsul
1137 2699 1196 2759 fuit
1215 2691 1298 2781 (vide
1312 2701 1411 2760 fastos
1519 2709 1520 2720 ¹

238 2791 379 2868 Capitol,
393 2789 460 2848 Val.
479 2789 558 2847 Max.
576 2788 623 2846 III
635 2791 694 2862 6,5
714 2781 777 2868 at).
819 2787 850 2847 0.
865 2789 1003 2864 Papirius
1023 2787 1054 2848 0.
1083 2789 1203 2848 ‚Masso
1221 2789 1360 2866 pontifex
1380 2792 1411 2849 et

238 2880 268 2940 O.
289 2880 425 2956 Papirius
444 2878 478 2936 L.
497 2878 517 2938 f.
533 2879 632 2936 Masso
655 2877 804 2937 decemvir
823 2897 974 2936 sacrorum
997 2879 1110 2937 mortui
1128 2882 1199 2937 sunt
1217 2897 1243 2938 a.
1257 2898 1288 2937 6.
1304 2897 1328 2936 6.
1344 2880 1409 2939 541

238 2973 316 3029 66666
343 2967 429 3028 Livio
454 2969 505 3044 25,
531 2969 559 3025 2.
605 2964 636 3025 0.
662 2966 816 3041 Papirium
847 2967 998 3026 Masonem
1033 2966 1224 3026 triumvirum
1257 2986 1330 3045 agro
1362 2969 1413 3026 ad-

239 3058 382 3132 signando
406 3057 498 3115 fuisse
522 3074 548 3113 a.
568 3075 596 3114 6.
616 3073 638 3114 6.
660 3055 722 3115 536
746 3055 826 3114 idem
845 3057 938 3116 tradit
958 3060 1008 3130 21,
1024 3057 1076 3116 25.
1115 3056 1148 3115 L.
1164 3055 1304 3132 Papirius
1324 3056 1411 3116 Maso

238 3151 360 3225 praetor
378 3165 404 3205 a.
425 3165 453 3205 6.
473 3164 496 3204 6.
516 3145 580 3205 578
609 3144 689 3220 apud
715 3145 841 3204 eundem
869 3153 915 3206 est
942 3147 1061 3221 41,14.
1105 3147 1181 3205 adde
1209 3165 1291 3221 eum,
1320 3165 1412 3228 quem

240 3235 341 3296 Cicero
361 3236 398 3294 ad
418 3236 482 3292 Att.
497 3237 527 3308 5,
542 3235 563 3293 4
581 3235 724 3295 nominat.

736 3360 912 3419 Masiuius
927 3405 930 3410 -

328 3460 423 3518 Zarai
440 3459 471 3516 in
490 3457 642 3533 provincia
659 3457 803 3516 Numidia
824 3458 897 3516 VIII
913 3458 998 3518 4514
1019 3457 1050 3520 6.
1063 3457 1210 3518 Μ6616166
1228 3458 1377 3518 Donatus.

730 3600 916 3660 Maeonius

329 3701 439 3758 Rornae
457 3697 602 3758 V16804
623 3696 654 3759 Ο.
668 3697 822 3758 Μ6666166
840 3698 944 3776 Niger,
962 3697 1098 3758 Maeonia
1116 3697 1148 3758 O.
1162 3701 1182 3760 l.
1196 3697 1362 3760 Ohrotalio.

461 3786 507 3844 VI
523 3789 628 3847 22277
650 3779 681 3847 (l.
695 3787 848 3862 Maeonius
868 3787 951 3848 Cilix.

462 3875 506 3933 VI
521 3879 628 3936 22278
649 3875 680 3936 C.
699 3877 851 3938 Maeonius
870 3867 1077 3959 Nicep(orus).

464 3964 506 4026 VI
522 3968 629 4026 22279
650 3964 681 4027 O.
694 3967 847 4028 Maeonius
866 3966 898 4026 O.
912 3969 931 4026 l.
946 3968 1090 4027 Philetus.

462 4055 505 4112 VI
522 4057 681 4156 22321L.
706 4056 865 4117 Petronius
890 4057 1061 4133 Ampliatus
1085 4065 1115 4117 et
1137 4057 1275 4118 Maeonia
1297 4059 1417 4120 Briseis

520 4162 595 4202 uxor
615 4164 686 4204 erus.

337 4233 484 4301 Venusiae,
499 4231 542 4290 IX
557 4234 621 4292 465
642 4232 672 4294 O.
688 4233 839 4294 Maeonius
859 4235 1015 4313 gladiator.

331 4324 495 4382 Minturnis
512 4321 540 4378 X
560 4323 643 4422 6041
664 4323 698 4385 L.
713 4323 841 4383 Manlius
865 4323 897 4384 L.
913 4325 931 4384 l.
946 4323 1083 4403 Hilarus,
1102 4276 1237 4386 Maeonia
1255 4324 1286 4386 O.
1301 4326 1321 4388 l.
1341 4325 1417 4388 Dio·

557 4429 652 4488 nysra.
