3078 4874
303 262 425 318 Nomina
442 261 556 334 propria
574 261 664 318 latina
681 263 799 320 oriunda
818 281 835 318 a
852 261 1009 335 participiis
1028 264 1154 334 perfecti.
1249 263 1314 328 855

233 431 389 493 Brundisii
406 431 449 492 IX
465 435 506 493 64
526 431 754 581 QifiAcerretius
779 433 987 494 Artemidorus
1011 436 1042 494 et
1065 433 1223 494 Acerratia
1241 433 1313 494 Tro-

529 543 549 599 p
583 541 639 583 me.

636 642 825 708 Acerretlna

232 753 390 814 Brundisii
408 753 452 813 IX
467 755 507 815 65
527 753 704 814 Acerretina
723 753 831 815 Salvia.
851 753 1038 832 gentilicium
1057 754 1177 816 videtur
1194 775 1268 816 esse.

195 901 198 908 ,
230 843 298 902 vide
317 842 500 904 Acerratios.

655 945 794 1011 Acutius

233 1059 418 1135 gentilicium
437 1058 551 1130 Acuti,
570 1058 596 1118 si
615 1057 760 1134 originem
779 1060 810 1117 et
829 1061 966 1134 tempora
983 1058 1162 1134 respexeris,
1181 1077 1241 1118 non
1260 1077 1313 1135 pro

143 1166 204 1205 uno
229 1148 282 1206 sed
305 1167 359 1225 pro
383 1147 498 1206 duobus
524 1147 657 1206 habebis.
700 1167 768 1206 cum
787 1147 863 1206 enim
883 1148 1002 1207 litterae
1021 1147 1204 1226 cognominis
1224 1149 1313 1207 Acuti

140 1236 258 1294 nullum
280 1238 446 1313 exemplum
466 1236 628 1294 memoriae
642 1237 776 1310 tradant,
791 1236 827 1294 de
841 1236 880 1295 M.
891 1237 1012 1311 Acutio,
1028 1239 1079 1312 qui
1093 1237 1152 1296 iam
1168 1256 1194 1298 a.
1209 1257 1237 1296 6.
1249 1238 1312 1300 355

141 1324 283 1384 tribunus
306 1326 403 1401 plebis
427 1325 494 1402 fuit,
517 1325 621 1385 Livius
644 1325 893 1402 5,1010qunu1·;
917 1329 1007 1401 atque
1030 1325 1108 1384 idem
1129 1326 1314 1403 gentilicium

141 1413 227 1472 tituli
255 1414 391 1473 nonnulli
413 1414 601 1473 Praenestini
629 1414 771 1473 exhibent
799 1406 883 1496 (XIV
900 1415 995 1474 3047.
1011 1415 1106 1475 3048.
1122 1405 1238 1496 3065),
1262 1415 1311 1491 qui

141 1508 223 1562 certe
243 1507 313 1562 ante
328 1503 442 1562 Sullam
462 1503 567 1578 scripti
587 1509 666 1563 sunt.
699 1503 882 1580 cognominis
901 1502 995 1578 igitur
1013 1503 1081 1562 inde
1096 1522 1113 1562 a
1128 1505 1312 1580 temporibus

141 1591 216 1652 satis
252 1592 383 1668 antiquis
416 1611 509 1669 arsque
538 1593 576 1651 ad
600 1593 733 1668 Augusti
759 1596 889 1651 aetatem
917 1593 1019 1651 nullus
1047 1592 1106 1650 fuit
1134 1611 1221 1669 usus3
1247 1596 1313 1652 tum
1380 1615 1382 1622 ·

139 1687 242 1740 eutem
260 1687 399 1740 renatum
418 1686 464 1741 est
483 1686 513 1741 et
530 1682 635 1740 multis
656 1681 751 1740 servis
769 1681 951 1758 impositum.
981 1685 1071 1758 atque
1085 1681 1124 1740 ab
1138 1682 1193 1742 hoc
1208 1701 1313 1757 cogno-

140 1769 220 1828 mine
247 1789 351 1830 rursus
379 1771 506 1829 alterum
536 1771 723 1846 gentilicium
751 1770 895 1846 originem
924 1771 1025 1846 habet,
1053 1770 1133 1846 quod
1161 1771 1312 1830 diversum

141 1877 207 1918 esse
236 1879 255 1918 a
281 1860 379 1934 priore
406 1861 458 1919 illo
488 1857 640 1919 hominum
669 1878 763 1936 paene
792 1859 923 1918 omnium
947 1859 1117 1919 condicione
1145 1859 1313 1919 humillima

141 1949 205 2006 veri
225 1948 322 2007 simile
341 1947 384 2026 fit,
416 1956 446 2007 et
464 1948 523 2006 iam
543 1950 661 2008 saeculo
680 1952 776 2025 primo
790 1948 913 2008 ineunte
928 1948 1021 2024 Aquis
1037 1947 1145 2007 Sextiis
1160 1949 1312 2024 peregrini

136 2036 268 2096 hominis
298 2039 415 2096 nomine
444 2038 536 2097 Acuti
558 2038 637 2097 filius
660 2041 784 2098 vocatus
810 2041 855 2096 est
879 2037 944 2096 Sex.
968 2038 1094 2096 Acutius
1116 2037 1179 2097 Vol.
1202 2037 1313 2113 Aquila

137 2116 317 2205 (1111517).
358 2145 454 2202 neque
480 2145 550 2186 vero
576 2128 730 2203 antiquom
752 2127 827 2185 illud
851 2126 1035 2202 gentilicium
1061 2127 1107 2185 his
1126 2126 1311 2203 temporibus

141 2214 230 2289 plane
259 2215 423 2274 extinctum
453 2215 548 2276 fuisse
572 2217 696 2275 Acutiae
725 2216 757 2275 P.
772 2215 877 2275 Vitelli
900 2215 993 2292 legati
1018 2214 1186 2275 Germanici
1212 2216 1311 2276 uxoris

137 2305 259 2362 nomine
284 2304 424 2364 docemur
444 2297 551 2384 (Tacit.
566 2325 633 2364 ann.
649 2305 692 2363 VI
707 2301 773 2383 47).

228 2394 363 2468 exempla
381 2395 509 2470 urbana,
529 2413 604 2470 quae
624 2394 697 2453 satis
717 2395 814 2453 multa
833 2397 917 2468 sunt,
933 2394 1059 2453 saeculis
1074 2393 1200 2453 maxime
1214 2393 1310 2469 primo

136 2482 284 2557 alterique
312 2482 457 2555 tribuam;
480 2503 575 2560 neque
600 2501 671 2543 vero
696 2483 808 2542 saeculi
830 2483 914 2542 tertii
938 2483 1074 2558 exempla
1097 2483 1200 2541 deesse
1225 2485 1310 2560 puto,

136 2570 204 2630 vide
225 2571 278 2630 hos
297 2571 416 2630 titulos:
436 2572 480 2630 VI
495 2574 567 2644 975,
583 2575 612 2638 2,
624 2575 675 2649 20,
689 2591 715 2630 a.
729 2574 800 2632 136.
834 2571 877 2630 VI
893 2573 988 2646 1056,
1004 2575 1032 2641 1,
1044 2574 1094 2646 67,
1114 2590 1140 2628 a.
1160 2573 1232 2632 205,
1266 2589 1311 2630 re-

135 2660 220 2734 liqua
247 2660 356 2720 Italiae
384 2662 519 2737 exempla
546 2661 692 2736 imprimis
721 2661 898 2736 prodierunt
925 2661 956 2717 in
985 2659 1165 2733 Campaniae
1194 2659 1310 2736 oppidis

134 2747 338 2816 Herculaneo,
370 2749 518 2822 Puteolis,
555 2750 680 2825 Miseno,
713 2749 856 2826 Neapoli,
889 2749 996 2825 quibus
1029 2748 1159 2824 adiungo
1193 2747 1310 2823 Ostiae,

135 2835 269 2909 Cluenti,
290 2836 515 2911 centumcellis,
534 2838 682 2916 Mutinae,
703 2839 866 2899 Beneventi
884 2839 1006 2898 inventa
1023 2838 1212 2913 paucissima.
1239 2857 1310 2914 quo·

134 2946 203 2984 rum
227 2932 311 2986 aetas
335 2947 401 2986 cum
425 2928 552 2986 maxime
575 2929 727 2988 saeculum
746 2929 875 3004 primum
895 2927 1115 3005 secundumque
1135 2929 1200 2986 tum
1219 2930 1310 2986 etiam

134 3015 261 3074 tertium
280 3020 333 3076 est.

225 3123 279 3180 per
301 3107 398 3164 totam
417 3105 478 3164 lere
499 3105 630 3166 Galliam
650 3105 940 3180 016616166666166
961 3106 1088 3165 nominis
1108 3107 1236 3182 vestigia
1254 3107 1305 3166 de·

135 3193 364 3267 prehendimus:
383 3194 488 3269 Altini,
508 3196 623 3273 Ateste,
638 3194 828 3272 Concordiae,
843 3195 969 3269 Patavii,
985 3196 1166 3268 Mediolanii,
1181 3196 1309 3270 Brixiae,

135 3279 297 3359 Cemeneli,
316 3283 398 3342 alias.

227 3371 258 3428 in
279 3371 380 3431 Gallia
394 3372 579 3432 Narbonensi
598 3373 659 3433 fere
679 3373 762 3432 nulla
781 3373 972 3448 reperiuntur
992 3373 1127 3448 exempla
1140 3371 1200 3431 nisi
1213 3371 1308 3446 Aquis

133 3459 256 3526 Samiis,
284 3460 438 3538 Nemeaei,
468 3462 620 3531 Narbone,
648 3481 703 3522 nec
730 3467 803 3538 puto
830 3463 925 3521 ullum
949 3465 1063 3535 extare,
1088 3461 1168 3537 quod
1191 3462 1308 3521 6666616

135 3549 267 3608 secundo
286 3549 436 3624 posterius
456 3551 503 3610 sit.

226 3637 310 3696 tituli
341 3639 477 3699 Rhenani
509 3640 706 3715 paucissimos
740 3641 888 3701 dederunt
920 3639 1058 3717 Acutios;
1085 3640 1234 3700 notandus
1264 3643 1311 3700 est

134 3726 265 3786 Acutius
284 3726 379 3787 Ursus
398 3719 509 3808 (clau.
527 3732 621 3804 1138,
635 3749 661 3791 a.
678 3722 767 3809 220).

226 3815 259 3873 16
281 3816 432 3890 Hispania
457 3819 545 3878 huius
569 3820 697 3878 nominis
721 3838 794 3878 usus
817 3838 877 3879 non
895 3819 1035 3894 frequens
1054 3817 1121 3877 fuit.
1158 3818 1309 3878 invenitur

135 3923 196 3965 non
219 3905 365 3980 gentilicii
388 3906 476 3966 modo
500 3909 552 3967 sed
571 3910 663 3968 etiam
682 3909 866 3984 cognominis
885 3908 950 3968 loco
970 3907 1074 3983 primis
1093 3928 1120 3984 p.
1136 3907 1169 3968 0.
1184 3908 1309 3968 66666116

133 3994 167 4052 16
186 3993 311 4052 Β666166
330 3995 392 4053 iere
411 3996 482 4055 sola.

224 4083 256 4140 in
276 4081 384 4156 Africa
409 4088 531 4161 excepto
550 4105 609 4145 uno
628 4087 800 4162 provinciae
819 4087 990 4164 Byzacenae
1010 4088 1145 4163 exemplo
1165 4087 1309 4146 Lambae-

136 4171 178 4231 sis
214 4172 279 4230 sola
308 4172 432 4232 Acutius
460 4175 645 4252 Aeutiasque
676 4177 809 4252 praebet.
860 4177 891 4234 in
915 4176 1005 4236 titulo
1034 4176 1110 4235 VIII
1124 4177 1210 4236 2618
1240 4175 1310 4234 6661

138 4253 256 4338 anila
276 4263 324 4320 est
342 4261 381 4321 M.
400 4262 525 4323 Acutius
545 4263 677 4342 ingenus
696 4266 841 4326 centurio.
1312 4273 1314 4277 ’

226 4349 405 4426 aliquotiens
433 4353 556 4430 Romae,
590 4355 709 4431 saepius
741 4355 772 4413 16
803 4354 906 4414 Gallia
932 4355 1119 4414 Narbonensi
1149 4355 1253 4412 littera
1284 4352 1309 4422 Q

134 4439 289 4513 praecedit
311 4439 445 4499 litteram
465 4441 492 4497 V
515 4443 546 4500 in
575 4444 672 4503 titulis
695 4446 790 4504 bonae
809 4443 857 4503 vel
876 4443 1006 4519 optimae
1029 4443 1151 4519 notatim
1175 4443 1255 4519 quod
1277 4443 1309 4500 in
