3078 4874
269 264 390 318 Nomina
408 264 522 335 propria
540 264 629 320 latina
647 265 765 321 oriunda
784 283 801 321 a
819 264 977 336 participiis
996 267 1123 338 perlecti.
1229 265 1270 330 87
1274 267 1294 331 3
1350 339 1353 347 Δ

121 451 159 492 ex
182 433 324 494 umbricis
347 441 379 493 et
403 434 493 510 oscis3
519 435 590 494 olim
613 452 714 494 reseas
736 435 875 495 dicebaut
892 436 971 494 teste
995 435 1084 494 Festo
1107 455 1136 512 p.
1157 436 1221 494 244
1241 435 1296 494 Th.

121 522 142 580 S
162 525 264 581 autem
283 523 392 582 extrita
411 523 434 580 R
455 527 592 584 servatur
610 523 641 582 in
660 526 803 584 silicernio
823 525 902 584 etin
924 524 1093 584 nominibus
1114 524 1210 585 Cerea
1230 524 1297 585 Cer-

119 613 191 671 aias
209 603 275 694 (X),
294 613 470 690 quibuscum
491 615 653 690 cognatum
671 615 717 684 est
736 611 893 675 Cerniiius.

611 768 802 834 Cerretanus

214 871 248 942 Q.
263 873 370 932 Aulius
390 871 571 932 Cerretanus
591 891 648 932 cos,
663 893 689 932 a.
705 893 733 932 u.
749 892 772 933 c.
787 874 862 950 431,
876 872 986 932 iterum
1004 891 1030 932 a.
1047 875 1121 933 435.
1135 905 1179 914 -
1195 873 1296 934 confer

118 961 264 1021 cerritum
283 956 324 1041 (p.
342 955 429 1042 747).

285 1123 287 1127 ι
335 1073 337 1077 ·
629 1044 784 1110 cessitius

211 1147 394 1208 L.Cessitius
404 1149 574 1225 Leucippus
583 1149 741 1208 libertinus
753 1152 799 1208 est
808 1149 839 1208 in
849 1149 938 1209 titulo
948 1150 1155 1210 Tarracinensi
1163 1150 1190 1208 X
1199 1153 1293 1210 6354.

213 1239 238 1296 si
249 1241 372 1315 etymon
381 1238 643 1316 circumspicimus,
653 1237 732 1296 idem
744 1257 775 1298 se
786 1239 880 1315 offert,
897 1240 976 1314 quod
987 1240 1073 1298 estin
1086 1237 1207 1298 Cerriao
1217 1235 1293 1314 (Liv.

119 1329 226 1402 23,46
243 1325 382 1386 Cerrinus
394 1327 541 1386 Vibellius
556 1327 664 1386 nobilis
680 1346 770 1404 eques
785 1319 971 1409 Campanus)
987 1331 1018 1388 et
1032 1329 1063 1388 in
1079 1321 1294 1410 Corsiao(IV);

118 1435 138 1474 a
149 1415 260 1475 Cerere
275 1418 362 1492 enim,
377 1417 425 1475 vel
439 1436 457 1475 a
470 1417 592 1476 numine
607 1420 733 1492 cognato
748 1436 815 1476 cum
830 1435 865 1476 ea
879 1417 952 1476 haec
965 1418 1085 1476 nomina
1094 1418 1234 1477 videntur
1245 1419 1294 1476 de-

117 1505 233 1564 clinata
248 1525 326 1578 essc3
341 1505 372 1564 iu
383 1505 503 1565 nomine
514 1504 634 1565 Cessitii
644 1505 671 1564 R
681 1510 750 1565 ante
760 1505 780 1564 S
790 1507 821 1564 in
831 1505 851 1564 S
862 1506 945 1582 abiit,
961 1525 1050 1582 quem
1061 1507 1227 1566 admodum
1239 1527 1293 1583 pro

117 1595 344 1764 dorso(dictu13
367 1599 415 1654 est
434 1595 568 1672 dossum,
588 1615 641 1670 pro
661 1596 806 1655 dorsenno
826 1595 991 1656 dossennus
1011 1597 1049 1656 al.
1086 1597 1188 1656 confer
1207 1597 1294 1656 cerri-

114 1687 186 1742 tum
219 1703 248 1760 p.
265 1687 326 1744 747
346 1729 353 1743 .

368 1821 372 1826 .
645 1768 770 1834 (lessius

210 1869 330 1931 Cessius
341 1871 516 1933 Primitivus
529 1871 603 1948 vigil
612 1873 724 1932 Romae
736 1872 888 1932 invenitur
901 1873 933 1931 in
946 1873 1037 1933 titulo
1048 1873 1092 1932 VI
1105 1875 1294 1952 1056,4,48,

116 1981 145 2021 a.
165 1962 238 2020 205.
276 1960 371 2020 Cessii
389 1961 540 2038 Trigetius
565 1963 595 2020 et
614 1962 853 2022 Andaniam.
869 1981 930 2022 cc.
950 1963 1094 2038 leguntur
1111 1964 1142 2021 in
1161 1963 1229 2022 albo
1248 1983 1295 2023 or-

114 2051 197 2108 dinis
214 2051 464 2125 Thamapoderrsis
477 2049 552 2109 VIII
567 2053 652 2110 2403
673 2045 753 2109 ‘ante
773 2070 798 2109 a.
815 2053 890 2128 367,
909 2053 1049 2111 extremis
1068 2051 1197 2112 fortasse
1217 2051 1292 2112 Con·

115 2140 226 2198 stantii
250 2141 349 2218 annis,
374 2141 423 2200 vel
448 2141 616 2215 imperante
635 2133 764 2198 Iuliano'
783 2141 902 2216 scripto.
939 2141 1018 2200 idem
1039 2141 1227 2218 gentilicium
1247 2145 1293 2201 est

112 2230 146 2312 in
166 2229 362 2306 inscriptione
376 2229 451 2288 VIII
466 2231 551 2290 5505
571 2248 597 2292 a.
614 2231 676 2288 215
701 2233 821 2304 reperta
839 2230 871 2288 in
888 2235 982 2290 monte
1002 2231 1093 2304 Taya.
1130 2231 1207 2290 adde
1221 2249 1292 2305 pro·
1346 2284 1348 2288 .

112 2321 232 2378 vinciae
245 2320 465 2392 proconsularis
483 2319 607 2378 titulum
623 2318 699 2378 VIII
715 2321 831 2380 17073.

622 2478 794 2540 Cessiuus

212 2577 354 2638 Trebulae
371 2579 542 2638 Maiaesoae
560 2577 603 2636 IX
618 2579 703 2638 4896
734 2578 767 2639 Τ.
782 2577 926 2638 ¹Petidius
953 2578 986 2638 Τ.
1010 2578 1030 2636 f.
1054 2577 1127 2639 Feb.
1151 2575 1292 2637 Cessinus

622 2667 749 2727 VIIIvir
768 2665 855 2728 aedil.
873 2670 990 2745 potest

615 2826 798 2888 Cessicius

207 2928 264 2986 hoc
282 2925 469 3002 gentilicium
488 2926 589 2988 inveni
607 2927 638 2985 in
656 2927 747 2987 titulo
766 2929 897 2987 Moesiae
914 2928 1063 3002 inferioris
1081 2922 1238 2988 1117448.

608 3086 804 3148 Cosconius

209 3204 373 3262 cognomen
393 3185 515 3247 Cessoni
534 3187 647 3263 legitur
665 3186 695 3246 in
714 3187 804 3246 titulo
823 3185 967 3262 Africano
982 3186 1056 3246 VIII
1073 3189 1188 3248 10891.
1222 3217 1224 3222 ·

207 3276 276 3334 ride
295 3295 458 3353 cognomen
479 3276 566 3336 Cossi.
1209 3321 1211 3325 -
1330 3295 1331 3298 ’

625 3359 784 3424 curatius

206 3463 351 3524 Nemorosi
368 3464 426 3522 XII
443 3465 527 3524 3519
547 3465 586 3522 Μ.
602 3461 749 3524 Cirratius
768 3463 904 3526 Severus,
932 3484 1008 3524 uror
1027 3465 1091 3524 eius
1112 3467 1159 3523 est
1173 3464 1293 3522 Donata

442 3552 579 3613 Cirratia.

365 3641 425 3702 XII
440 3644 524 3703 3139
545 3643 578 3702 L.
595 3641 742 3702 Cirratius
762 3645 919 3705 Martialis.

205 3731 275 3792 vide
293 3750 458 3808 cognomen
478 3731 596 3792 Cirrati.

641 3825 763 3890 citatio

206 3925 317 3986 Citatie
337 3925 435 3986 Citate
453 3928 484 3986 in
502 3927 609 3988 Norico
633 3929 741 3988 titulus
764 3931 880 4006 positus
903 3929 1124 3991 est1115054.
1144 3922 1286 4012 (maritus

104 4017 204 4077 huius
225 4013 570 4093 mulieris'praenomine
589 4015 694 4100 caret.)
709 4053 752 4062 -
767 4021 835 4081 vide
854 4038 1019 4096 cognomen
1039 4020 1134 4080 Citati.

562 4173 685 4238 citinas
705 4175 845 4240 cittiuus

206 4276 381 4336 Thubursici
398 4277 598 4337 Numidarum
617 4277 692 4336 VIII
708 4281 792 4338 5127
814 4279 923 4339 Lucius
943 4278 1043 4339 Citini.

204 4366 237 4423 in
256 4369 359 4426 eastris
377 4367 554 4426 Lambaesir.
570 4367 645 4427 VIII
662 4370 757 4435 2564,
775 4372 802 4444 1,
814 4370 855 4429 53
876 4369 1017 4428 Aurelius
1032 4365 1156 4426 Ciitinus
1171 4358 1291 4447 d(upla·

321 4504 322 4508 ,
659 4449 747 4539 rius),
766 4458 933 4534 imperante
952 4457 1127 4532 Elagabalo.
