3088 4886
343 274 466 332 Nomina
484 273 599 346 propria
616 273 706 330 latina
724 272 843 330 oriunda
861 290 878 328 a
896 272 1050 344 participiis
1068 272 1194 344 perlecti.
1290 269 1353 337 749

185 449 271 522 parte
281 445 403 508 vasculo
414 444 600 505 Crotoniensi
611 435 641 526 (I
653 446 736 504 1539
749 435 781 525 a)
801 442 979 519 inscriptum
990 443 1038 518 sit,
1058 445 1089 502 et
1103 440 1235 502 Cluentii
1245 461 1353 502 nomeu

184 538 264 594 certe
284 535 343 593 iam
364 538 463 595 aetate
482 533 606 592 Sullana
624 535 655 591 in
677 553 736 592 usu
754 533 854 592 fuerit.
873 533 1048 609 cognomina
1068 535 1168 591 autem
1187 551 1264 610 quae
1283 535 1355 594 sunt

184 623 307 683 Violens
332 617 380 704 (L.
399 623 579 682 Volumnius
598 623 734 681 Flamma
753 621 884 698 Violens,
910 640 973 682 cos:
986 642 1013 682 a.
1027 642 1055 682 u.
1071 612 1152 704 447)
1176 626 1207 681 et
1229 619 1353 696 Sapiens

185 705 231 792 (Ο.
257 713 379 772 Laelius
404 711 537 788 Sapiens,
565 730 623 771 coa.
643 731 669 771 a.
689 733 717 770 u.
739 704 817 791 614)
840 729 900 771 non
928 731 981 787 pro
1008 711 1190 788 participiis,
1219 710 1271 770 sed
1298 729 1352 787 pro

183 801 339 862 adiectivis
358 801 496 862 habenda
516 819 580 860 esse
600 819 701 860 omnes
717 801 911 861 consentient.

272 910 350 967 quae
367 890 453 950 libris
476 891 640 949 traduntur
662 891 814 950 nominum
838 889 985 966 exempla,
1013 888 1258 967 quotiescumque
1277 890 1354 948 nihil

182 980 252 1040 novi
279 999 316 1039 ex
342 981 379 1039 iis
407 977 520 1039 discere
550 979 624 1038 mihi
650 979 782 1058 videbar,
809 980 931 1040 removi.
969 979 1100 1054 corporis
1123 978 1352 1056 inscriptionum

106 1113 109 1116 -
181 1069 344 1128 latinarum
362 1070 515 1129 volumina
533 1067 665 1144 itemque
684 1069 754 1128 anni
773 1068 886 1128 Christi
911 1069 981 1128 solis
999 1069 1132 1127 numeris
1151 1069 1348 1149 notabuntur3

182 1158 351 1218 christianis
370 1158 468 1217 titulis
488 1157 582 1217 crucis
602 1159 719 1235 signum
739 1159 928 1235 adpingotur.

271 1247 400 1323 priorem
426 1249 543 1322 partem
567 1247 665 1306 fusius
688 1248 825 1326 tractavi,
844 1251 910 1308 tum
930 1247 1048 1323 singule
1067 1266 1158 1324 quam
1178 1248 1351 1307 brevissime

183 1337 338 1397 absolvere
358 1335 467 1396 studui.

449 1572 658 1684 Partieipia
689 1573 851 1684 perfecti
883 1571 1085 1684 simplicia.

688 1761 846 1843 Acceptus
904 1817 907 1824 i

275 1888 387 1949 Rornae
410 1889 533 1965 Accepti
552 1889 759 1966 Acceptaeque
779 1909 886 1950 nornen
905 1891 987 1949 haud
1005 1910 1073 1950 raro
1092 1891 1243 1951 invenitur
1261 1891 1352 1951 homi-

183 1979 271 2038 nibus
297 1979 415 2038 servilis
439 1979 655 2055 libertinaeque
685 1981 732 2039 vel
756 1983 836 2038 certe
859 1980 1045 2039 humillimae
1060 1981 1237 2040 condicionis
1257 1981 1352 2057 impo-

183 2068 284 2127 situm.
322 2071 405 2128 aetas
424 2069 529 2144 utique
550 2069 628 2128 bona
647 2072 701 2144 est,
720 2069 739 2127 i.
755 2088 779 2127 e.
795 2087 869 2128 saec.
888 2090 915 2145 p.
932 2068 963 2128 C.
977 2071 1106 2145 primum
1122 2072 1351 2147 secundumque,

181 2158 212 2216 id
242 2157 321 2233 quod
349 2157 494 2216 Iuliorum
518 2158 749 2234 Flauiorumque
777 2159 897 2217 nomina
923 2158 1167 2235 praenominibus
1194 2179 1231 2218 ne
1260 2161 1352 2218 semel

183 2246 303 2322 quidem
314 2246 683 2306 destitutademonstrant.
703 2247 958 2323 imperatorisTiti
968 2247 1094 2308 libertus
1105 2250 1152 2308 est
1160 2249 1192 2306 in
1201 2248 1245 2306 VI
1257 2249 1351 2322 9059,

184 2335 310 2394 militem
330 2336 453 2411 praebet
472 2336 579 2396 titulus
598 2336 641 2394 VI
658 2339 730 2412 200,
750 2337 801 2412 qui
821 2341 867 2396 est
886 2337 954 2395 anui
974 2358 1001 2412 p.
1022 2335 1053 2396 C.
1075 2340 1124 2398 70.

271 2425 348 2484 idem
369 2424 526 2484 dicendum
549 2429 595 2485 est
619 2427 655 2484 de
679 2425 793 2503 titulis,
817 2445 890 2502 quos
916 2427 1048 2503 singulos
1072 2427 1218 2486 dederunt
1246 2427 1353 2503 oppida

88 2552 91 2556 .
183 2515 327 2573 nonnulla
340 2514 502 2583 Lucaniae,
517 2513 653 2589 Apuliae,
668 2515 791 2583 Samnii,
806 2516 913 2583 Piceni,
931 2515 1047 2575 Galliac
1066 2516 1247 2589 Cisalpinae:
1265 2535 1352 2592 prae-

182 2603 310 2663 nominis
331 2622 403 2662 usus
422 2605 485 2662 fere
504 2605 640 2662 omnibus
659 2605 822 2662 communis
840 2605 945 2681 primis
959 2625 987 2678 p.
1003 2603 1035 2663 C.
1050 2606 1176 2664 saeculis
1195 2605 1351 2681 adsignari

184 2712 233 2752 eos
252 2693 343 2751 iubet.
382 2692 538 2752 christiani
557 2693 685 2752 hominis
706 2696 752 2752 est
770 2692 841 2751 XIV
859 2695 952 2752 1882.

272 2782 403 2860 eiusdem
416 2781 479 2840 iore
491 2783 600 2844 aetatis
616 2785 686 2841 sunt
700 2782 781 2841 tituli
795 2783 827 2840 in
838 2781 955 2842 Gallius
966 2781 1167 2843 Narbonensis
1176 2783 1293 2860 oppidis
1308 2784 1351 2842 in·

183 2873 264 2930 venti
275 2889 351 2948 quae
367 2874 436 2930 sunt
450 2869 583 2947 Arelate,
594 2871 694 2949 Vasio,
709 2870 834 2947 Vienna,
848 2872 958 2948 Narbo,
973 2875 1130 2948 praeterea
1143 2872 1175 2931 in
1188 2872 1350 2932 Volcarum

184 2979 257 3036 agro
286 2960 323 3018 ad
348 2959 485 3019 Rhodani
508 2961 604 3037 ripam
629 2961 695 3020 sito.
732 2962 974 3036 praenominibus
1001 2961 1079 3020 enim
1107 2981 1145 3021 ne
1172 2962 1203 3020 hi
1232 2962 1351 3038 quidem

183 3049 317 3108 homines
337 3052 447 3108 carent.

272 3139 302 3196 iu
316 3140 479 3213 provinciis
496 3136 651 3212 Africanis
674 3139 742 3198 inde
767 3158 784 3198 a
804 3137 986 3216 Carthagine
1006 3159 1099 3215 usque
1119 3139 1157 3198 ad
1176 3138 1351 3200 Caesaream

183 3228 269 3303 quasi
288 3227 443 3304 migrando
462 3247 570 3287 nomen
590 3228 699 3304 oppida
717 3229 821 3305 attigit
837 3230 922 3289 haec:
942 3228 1163 3305 Carthaginem,
1184 3229 1351 3307 Thuggam,

183 3317 364 3396 Thevesten,
391 3317 581 3378 Lambaesim
610 3322 641 3376 et
668 3321 767 3377 eastra
789 3317 1033 3392 Lambaeritana,
1064 3316 1190 3393 Cirtam,
1218 3317 1352 3393 Auziam,

183 3403 369 3466 Caesaream.
401 3406 498 3465 libera
517 3407 673 3466 etiamtum
692 3407 848 3483 republica
866 3408 897 3466 iu
916 3408 1104 3466 Mauretania
1123 3408 1178 3467 hoe
1196 3426 1303 3467 nomeu
1322 3409 1353 3466 in

182 3513 238 3554 usu
252 3496 346 3556 fuisse
357 3495 445 3556 docet
458 3496 566 3556 titulus
582 3495 656 3555 VIIl
667 3498 754 3557 9350
765 3496 928 3556 Caesareae
942 3497 1092 3570 inventus,
1111 3495 1164 3571 qui
1177 3496 1352 3573 Acceptum,

183 3586 263 3662 regis
287 3585 379 3644 Iubae
402 3583 545 3644 libortum
573 3585 702 3645 exhibet.
748 3586 931 3663 Carthagine
954 3587 1072 3644 saeculo
1096 3584 1127 3643 II
1155 3585 1277 3644 ineunte
1303 3587 1352 3647 vir

182 3673 289 3733 humili
316 3675 381 3735 loco
409 3676 498 3734 natus
526 3674 676 3751 Acceptus
705 3675 874 3754 adpellatus
900 3678 947 3734 eat
975 3666 1064 3756 (VlIl
1087 3667 1219 3755 12860).
1264 3675 1350 3734 miles

182 3761 333 3840 Acceptus
358 3765 405 3823 est
422 3764 454 3824 in
471 3763 561 3824 titulo
580 3764 810 3824 Lambaesitano
830 3763 904 3822 VIlI
925 3765 1031 3824 18065
1053 3783 1077 3822 a.
1100 3766 1161 3824 162
1183 3765 1304 3841 scriptu.

270 3871 330 3912 non
349 3871 444 3932 pauca
462 3853 551 3912 huius
570 3853 698 3912 nominis
718 3855 853 3929 exempla
870 3853 903 3911 in
920 3854 1045 3928 Illyrico
1065 3852 1242 3929 prodierunt
1261 3855 1351 3930 atque

183 3942 311 4001 maxime
329 3941 359 4000 in
379 3942 496 4018 Norico,
520 3943 573 4002 ubi
591 3943 670 4002 circa
687 3942 839 4020 Noreiam,
862 3942 1019 4018 Virunum,
1037 3942 1191 4016 Iuennam,
1213 3940 1352 4018 Celeiam,
1468 3953 1473 3980 ¹

182 4030 305 4092 Solvam
333 4035 396 4090 tam
423 4031 482 4091 viri
505 4050 595 4107 quam
622 4033 763 4091 mulieres
791 4032 917 4108 Accepti
945 4031 1140 4110 vocabantur;
1167 4051 1221 4090 nec
1248 4032 1352 4106 procul

183 4119 295 4180 absunt
309 4120 482 4180 Pannoniae
497 4121 659 4197 superioris
675 4123 810 4198 exempla
825 4122 883 4181 duo
897 4121 1066 4182 Novioduni
1080 4121 1212 4180 inventa.
1240 4121 1351 4180 eisdem

182 4209 244 4268 fere
268 4210 340 4269 loeis
364 4209 456 4270 etiam
480 4210 601 4269 nomina
624 4211 738 4269 suffixis
762 4215 851 4270 aucta
874 4211 906 4269 in
930 4229 986 4269 usu
1009 4210 1102 4269 fuisse
1125 4209 1204 4268 infra
1227 4209 1350 4268 videbis.

181 4299 326 4358 accedunt
344 4301 407 4360 tres
425 4300 508 4358 tituli
524 4300 684 4359 Delmatici
703 4299 819 4360 Salonis
839 4303 869 4359 et
883 4301 1021 4358 Naronae
1040 4299 1160 4375 reperti.
1192 4300 1228 4356 ut
1246 4299 1352 4356 ceteris

180 4387 267 4461 locis,
295 4391 339 4448 ita
365 4389 414 4450 hic
439 4408 556 4468 quoque
584 4389 737 4448 hominum
766 4391 820 4451 hoc
843 4391 962 4450 nomine
989 4389 1193 4464 praeditorum
1220 4387 1351 4447 condicio

179 4475 302 4538 humilis
327 4479 375 4540 rel
394 4479 468 4538 adeo
487 4478 605 4540 servilis
624 4479 694 4558 fuit3
713 4481 824 4539 multos
844 4480 935 4538 etiam
952 4478 1097 4536 barbarae
1115 4476 1209 4534 fuisse
1229 4477 1352 4553 originis

1086 4574 1139 4630 48*
