3088 4886
243 1158 421 1219 Nominibus
441 1158 582 1218 Romanis
606 1159 649 1218 eis
668 1157 867 1236 temporibus,
885 1177 1012 1236 quorum
1036 1161 1119 1218 certa
1142 1163 1262 1220 servata
1281 1163 1327 1219 est

153 1248 312 1322 memoria,
342 1248 453 1324 partim
476 1250 581 1326 gentes
605 1248 683 1307 inter
707 1266 738 1306 se
762 1249 1002 1326 distinguuntur,
1028 1247 1109 1307 unde
1134 1248 1326 1324 adpellantur

153 1337 322 1415 gentilicia,
350 1337 460 1413 partim
487 1337 597 1413 singuli
619 1337 753 1396 homines
778 1337 987 1414 designantur,
1018 1337 1097 1413 quod
1122 1357 1230 1397 munus
1255 1339 1326 1397 olim

153 1428 379 1502 praenominum
403 1422 474 1503 fuit,
497 1431 603 1501 postea
626 1427 663 1484 ad
687 1426 864 1503 cognomina
886 1427 1016 1486 transiit.
1036 1427 1095 1486 tria
1113 1427 1187 1486 haec
1205 1427 1327 1486 nomina

153 1517 307 1592 postulata
321 1519 392 1575 sunt
410 1515 477 1591 lege
492 1515 571 1574 Iulia
589 1515 772 1591 municipali,
792 1519 822 1574 et
838 1519 997 1592 postquam
1013 1514 1151 1576 Christus
1165 1519 1257 1576 natus
1272 1520 1326 1591 est,

152 1623 333 1680 praenomen
351 1605 414 1663 lere
434 1623 551 1680 semper
569 1622 638 1663 cnm
655 1604 829 1680 cognomine
848 1605 1036 1664 coniunctum
1056 1605 1123 1682 fuit,
1148 1605 1241 1665 donec
1260 1623 1327 1666 sae-

151 1694 219 1752 culo
237 1694 341 1767 tertio,
366 1693 437 1770 quia
454 1693 515 1752 iam
533 1693 617 1752 nulla
638 1693 762 1769 propria
785 1693 849 1753 eius
873 1695 919 1754 ris
942 1696 1021 1768 erat,
1045 1694 1143 1771 magis
1167 1695 1325 1772 magisque

153 1783 290 1843 exolevit.
310 1783 361 1842 sed
380 1783 476 1842 multo
500 1781 664 1858 simplicior
682 1781 956 1859 antiquissimorum
978 1783 1038 1842 fuit
1056 1785 1248 1858 consuetudo,
1275 1785 1326 1860 qui

153 1871 280 1948 singulis
290 1871 460 1936 nominibus
475 1872 615 1947 contenti,
631 1891 689 1949 quo
699 1875 785 1947 patre
799 1874 900 1931 essent
917 1872 980 1931 nati
995 1872 1108 1932 adscito
1123 1873 1244 1932 nomine
1259 1873 1324 1931 eius

151 1962 183 2019 in
201 1961 268 2020 ·ius
293 1961 455 2020 terminato
480 1961 701 2037 indicaverunt,
732 1961 810 2020 siout
834 1960 1015 2037 posteriores
1039 1961 1161 2020 illorum
1186 1961 1263 2022 lilios
1293 1981 1324 2020 se

152 2049 366 2125 praedicabant
386 2041 436 2131 (of.
452 2048 594 2108 Guilelmi
608 2049 725 2110 Deecke
739 2049 971 2126 disputationem
991 2069 1081 2127 quam
1099 2050 1177 2109 libro
1192 2050 1229 2110 de
1244 2050 1325 2110 Fali-

153 2139 211 2198 scis
230 2139 341 2215 scripto
360 2129 499 2220 addidit).
531 2139 604 2198 haee
623 2142 724 2198 autem
744 2139 866 2198 nomina
884 2157 903 2198 a
920 2139 1025 2214 patriis
1045 2139 1215 2199 nominibus
1235 2140 1326 2200 decli·

152 2230 234 2306 neta,
254 2229 392 2287 similiter
411 2231 502 2304 atque
519 2235 624 2287 nostra
636 2229 758 2288 nomina
775 2229 807 2287 in
821 2229 896 2288 sohn
915 2223 996 2308 (sen3
1015 2219 1045 2310 s)
1060 2228 1236 2305 desinentia,
1254 2249 1323 2305 pro-

153 2318 276 2376 cedente
298 2321 434 2392 tempore
456 2317 615 2394 nepotibus
638 2336 705 2377 oum
728 2317 798 2376 filiis
821 2317 989 2376 communia
1011 2317 1092 2377 facta
1116 2322 1198 2396 sunt,
1222 2320 1266 2377 ita
1290 2323 1325 2376 ut

153 2406 281 2484 gentiles
305 2407 352 2466 his
375 2406 546 2466 nominibus
569 2406 833 2484 coniungerentur,
856 2405 1100 2482 praenominibus
1120 2409 1222 2466 autem
1246 2407 1325 2466 inter

153 2513 185 2555 ee
204 2495 471 2571 distinguerentur.
499 2514 576 2572 quae
595 2515 663 2555 cum
681 2497 725 2555 ita
743 2497 813 2573 sint,
832 2496 876 2555 eis
899 2496 951 2572 qui
969 2495 1247 2572 antiquissimorum
1271 2515 1325 2556 no·

152 2584 267 2643 minum
289 2584 531 2661 interpretationi
554 2603 675 2662 operam
698 2585 838 2645 navaturi
862 2589 944 2661 sunt,
967 2585 1224 2662 praenominibus,
1248 2604 1325 2663 quae

153 2674 291 2734 norimus
315 2674 388 2733 satis
413 2693 522 2749 pauca,
550 2678 582 2733 et
604 2673 764 2749 gentiliciis
788 2674 894 2750 ingens
918 2674 1044 2732 materia
1067 2675 1105 2732 ad
1134 2674 1326 2750 cogitandum

154 2762 286 2823 offertur.
324 2763 376 2822 sed
399 2763 451 2840 qui
473 2762 641 2824 inconsulte
665 2762 825 2839 adgressus
849 2763 907 2822 erit
929 2763 984 2822 has
1003 2763 1205 2842 quaestiones,
1228 2763 1326 2837 facile,

154 2852 225 2911 dum
244 2853 376 2912 humana
393 2851 514 2912 nomina
532 2851 680 2929 explicare
703 2851 817 2929 studet,
840 2851 871 2910 in
895 2851 1018 2912 deorum
1040 2853 1162 2911 nomina
1185 2853 1325 2930 inquiret.
1403 2915 1406 2923 ,

152 2942 297 3018 permulti
320 2941 398 3001 enim
423 2941 558 3002 homines
584 2961 602 3000 a
625 2941 670 3000 dis
693 2941 815 3000 nomina
833 2941 1069 3017 declinaverunt,
1094 2942 1183 3001 modo
1207 2941 1327 3019 integra

152 3031 273 3091 nomina
290 3031 321 3090 in
341 3050 428 3090 suum
447 3050 534 3090 usum
553 3034 712 3105 vertentes,
732 3031 819 3089 modo
839 3030 953 3090 suffixis
973 3030 1097 3090 adiectis
1116 3031 1217 3107 aliquo
1236 3033 1325 3091 modo

59 3128 61 3137 '
153 3139 185 3180 se
204 3139 272 3180 cum
294 3120 356 3180 illis
379 3119 551 3180 numinibus
570 3120 742 3179 coniunctos
761 3138 825 3179 esse
844 3119 1059 3196 praedicantes.
1092 3139 1180 3197 quem
1199 3139 1258 3180 non
1278 3140 1326 3180 so·

152 3211 216 3268 lum
239 3207 430 3285 Graecorum,
454 3210 508 3268 sed
528 3209 618 3268 etiam
637 3208 785 3268 Italorum
803 3227 917 3268 morem
941 3210 993 3268 diu
1016 3211 1105 3268 nimis
1129 3211 1326 3286 neglexerunt

153 3298 211 3359 viri
230 3298 322 3378 docti,
341 3318 437 3374 nuper
456 3301 558 3358 autem
572 3297 733 3373 Usenerus,
751 3301 787 3357 ut
804 3317 871 3357 cum
887 3299 975 3374 volgo
989 3299 1104 3375 loquar,
1125 3299 1225 3358 oculos
1240 3299 1325 3359 nobis

155 3388 282 3464 aperuit,
303 3390 337 3447 ut
356 3387 519 3464 videamus,
538 3407 630 3465 quam
647 3387 728 3446 clare
747 3387 871 3447 deorum
884 3389 984 3447 cultus
998 3387 1142 3448 adhibitis
1156 3388 1326 3448 nominibus

153 3476 292 3536 humanis
310 3476 467 3536 inlustrari
485 3477 588 3552 possit.

243 3585 321 3625 nuno
345 3569 464 3626 transeo
488 3567 526 3625 ad
550 3584 615 3625 eam
638 3568 769 3642 partem,
792 3584 882 3642 quam
904 3565 1093 3626 tractandam
1111 3566 1184 3625 mihi
1203 3568 1325 3644 sumpsi,

155 3654 193 3714 ad
212 3655 334 3715 nomina
358 3675 376 3715 a
394 3654 560 3731 participiis
578 3655 704 3730 perfecti
722 3655 864 3732 temporis
884 3654 1023 3733 oriunda,
1047 3657 1136 3732 atque
1161 3656 1225 3716 dico
1248 3657 1325 3716 anti-

155 3745 315 3821 quissimos
333 3764 369 3804 ex
387 3744 466 3804 veris
480 3743 647 3820 participiis
665 3744 786 3804 nomina
804 3743 924 3804 finxisse
942 3763 1001 3803 non
1020 3744 1124 3805 videri.
1156 3746 1217 3804 iam
1235 3747 1323 3805 intel-

154 3835 246 3912 leges,
265 3853 318 3894 cnr
336 3834 372 3893 de
391 3835 516 3893 deorum
533 3833 705 3894 nominibus
723 3852 784 3893 non
801 3833 996 3910 neglegendis
1010 3835 1263 3911 praemonuerim;
1281 3836 1324 3896 vi-

157 3924 267 3982 dentur
290 3923 368 3982 enim
387 3923 450 3982 fere
475 3922 575 3983 omnia
593 3923 718 3999 antiqua
736 3922 869 3998 nomina,
888 3941 967 3999 quae
990 3942 1129 3983 verorum
1152 3924 1326 4001 participio-

155 4031 223 4070 rum
246 4012 375 4089 speoiem
397 4031 470 4088 prae
493 4031 526 4072 se
549 4013 663 4086 ferunt,
683 4012 832 4072 declinata
854 4029 920 4072 osse
944 4031 962 4070 a
985 4013 1039 4072 dis.
1076 4012 1200 4072 deorum
1224 4018 1325 4073 autem

156 4101 277 4161 nomina
295 4101 369 4180 quin
387 4101 560 4178 saepissime
580 4121 598 4160 a
615 4102 780 4178 participiis
800 4102 866 4161 orta
885 4102 958 4180 sint,
980 4120 1067 4161 nemo
1087 4102 1250 4179 dubitabit,
1273 4103 1327 4180 qui

157 4190 264 4249 talium
278 4190 433 4251 nominum
446 4191 625 4268 meminerit,
638 4190 741 4267 qualia
755 4195 825 4250 srmt
839 4190 989 4264 Larentia,
1003 4193 1083 4250 certe
1098 4191 1202 4250 eodem
1215 4210 1326 4268 genere

157 4283 305 4358 prognata
323 4284 414 4356 atque
428 4279 509 4340 Lara
522 4283 553 4340 et
566 4279 715 4356 Larunda,
734 4298 914 4358 quamquam
929 4280 956 4338 A
969 4280 1001 4338 in
1016 4279 1062 4339 his
1075 4279 1245 4340 nominibus
1262 4298 1326 4340 cor-

156 4369 277 4448 ripitur,
295 4369 328 4428 in
340 4369 394 4430 illo
414 4369 600 4446 producitur3
621 4369 749 4428 similem
763 4368 842 4428 enim
858 4369 1023 4429 formarum
1043 4369 1221 4429 varietatem
1241 4389 1327 4446 prae·

157 4457 230 4518 bent
247 4458 346 4536 Picus,
365 4458 512 4538 Picentes,
529 4458 710 4538 Piquentum
723 4458 855 4519 Histriae
874 4458 1015 4534 oppidum
1034 4451 1172 4540 (Piquier
1194 4459 1226 4518 in
1244 4460 1317 4521 tabb
