3088 4886
646 303 650 310 Ι
722 229 774 287 su.
793 230 872 287 oce

697 393 893 463 Fortunatus

299 527 318 567 a
345 509 467 569 fortuna
492 509 589 567 multa
613 509 735 568 nomina
752 509 832 568 dicte
857 513 936 588 eunt,
964 512 1056 586 atque
1080 509 1147 586 ipsa
1171 509 1310 569 fortunae
1329 511 1379 569 sd·

126 643 129 650 »
210 598 333 674 pellatio
352 598 481 658 nominis
499 598 612 674 proprii
633 599 732 658 locum
750 599 870 677 habuit3
894 599 1008 658 suffixis
1024 601 1114 658 aucta
1136 601 1182 658 est
1203 600 1233 657 in
1251 598 1379 658 nomini·

210 687 267 746 bus
292 687 478 763 Fortunalis,
507 678 748 769 Fortune(n)sis,
776 687 927 765 Fortunii,
952 687 1149 764 Fortunillao‚
1177 687 1379 763 Fortunionis

210 776 401 850 Fortunulce,
420 776 620 838 Fortununae.

300 866 396 926 multo
420 869 521 924 autem
540 865 817 943 frequentissimum
835 867 895 926 fuit
912 884 1020 926 nomen
1038 866 1212 944 Fortunati3
1237 887 1296 945 quo
1315 867 1379 926 fere

211 955 391 1032 ubicumque
410 954 506 1015 latine
523 957 628 1033 lingua
649 955 748 1033 viguit
764 956 907 1033 permulti
925 955 1060 1014 hominos
1080 957 1252 1016 utebantur.
1289 959 1380 1032 utque

210 1063 304 1120 paene
322 1044 560 1104 'innumerabilia
587 1046 724 1122 exempla
751 1045 897 1105 dederunt
920 1044 1004 1104 tituli
1025 1046 1133 1104 orbecci
1156 1050 1187 1104 et
1209 1046 1381 1106 Lambaesi-

212 1137 288 1202 iouc',
318 1153 514 1211 permagnam
545 1135 768 1194 multitudinem
803 1134 1011 1212 inscriptiones
1045 1133 1153 1202 Ostiae,
1186 1134 1396 1212 Puteolorum.

210 1222 396 1292 Saccumum,
414 1221 640 1292 Ammocdoroe,
664 1223 823 1285 Thevestec.

197 1303 201 1311 ’
302 1317 400 1372 ortum
419 1313 622 1372 videturesse
642 1314 739 1373 altere
758 1314 870 1373 saeculi
885 1333 910 1373 a.
925 1311 994 1374 chr.
1008 1312 1097 1389 primi
1115 1316 1201 1388 parte
1220 1313 1301 1390 apud
1320 1332 1380 1373 ser-

210 1419 272 1462 vos.
318 1401 518 1461 Fortunatum
545 1419 661 1463 servom
689 1403 767 1462 enim
792 1403 917 1479 praebet
943 1405 1058 1462 tessera
1086 1403 1252 1461 consularis
1277 1402 1293 1460 Ι
1316 1404 1379 1463 763

212 1493 282 1549 anni
309 1493 349 1551 15
365 1511 392 1568 p.
409 1489 450 1569 C.,
474 1494 505 1550 et
530 1491 569 1552 M.
590 1491 693 1552 Livius
713 1491 907 1568 Fortunatus,
933 1491 985 1568 qui
1010 1490 1132 1550 aLivia
1157 1495 1227 1551 ente
1251 1492 1384 1568 Augusti

213 1579 328 1640 obitum
343 1580 544 1640 manumissus
559 1584 613 1658 est,
633 1581 805 1640 nominetur
822 1582 854 1640 in
867 1581 957 1640 titulo
972 1579 1017 1639 VI
1028 1581 1123 1642 8656.
1152 1584 1243 1656 atque
1263 1582 1382 1640 saeculo

211 1690 240 1746 p.
256 1668 287 1729 Ο.
306 1669 403 1746 primo
423 1670 596 1745 saepissime
618 1671 712 1731 sorvis
731 1670 906 1746 impositum
925 1673 984 1742 est,
1007 1670 1052 1728 its
1070 1674 1105 1728 ut
1123 1669 1174 1746 qui
1186 1672 1259 1748 tum
1277 1671 1383 1730 Fortu-

196 1761 301 1818 ·natae
322 1759 519 1819 Petronianae
537 1778 645 1818 nomen
665 1759 748 1837 legit,
774 1779 809 1818 ex
828 1777 862 1818 eo
881 1759 946 1834 ipso
965 1758 1137 1818 libertinam
1156 1759 1220 1819 eius
1239 1759 1383 1819 condicio-

212 1852 280 1907 n'em
304 1866 483 1924 cognoscere
506 1841 647 1925 potuerit.
688 1849 720 1908 in
742 1848 948 1908 honestiorum
978 1848 1080 1909 domos
1103 1849 1241 1924 pervenit
1265 1849 1382 1909 saeculo

213 1938 351 2011 secundo,
377 1941 408 1997 ct
434 1939 551 1998 saeculo
578 1937 669 1998 tertio
694 1959 733 2000 ne
758 1957 777 1997 a
801 1937 995 1998 nobilissimis
1020 1937 1140 2014 quidem
1171 1941 1307 2013 spretum
1335 1942 1383 1998 est

213 2020 295 2107 (vide
320 2025 355 2086 L.
369 2027 496 2086 Fabium
516 2027 715 2087 Fortunatum
733 2027 859 2087 fratrem
877 2027 1017 2086 Arvalem
1037 2027 1068 2085 in
1087 2027 1131 2086 VI
1147 2030 1231 2087 2107
1252 2046 1277 2086 e.
1294 2020 1383 2108 224).

212 2119 313 2175 tamen
330 2116 424 2176 sorvis
444 2135 598 2192 nunquam
611 2115 732 2178 videtur
749 2117 923 2192 ademptum
942 2135 1015 2177 esse.
1049 2116 1169 2175 duravit
1187 2119 1288 2176 autem
1303 2117 1383 2192 apud

213 2204 347 2265 ethnicos
366 2207 499 2266 nec'non
520 2207 599 2282 epud
618 2205 798 2266 christianos
818 2223 913 2282 usque
932 2207 969 2264 ad
988 2206 1156 2281 posteriora
1174 2207 1300 2266 saecula

301 2313 378 2371 quae
397 2295 606 2372 antiquissima
624 2298 697 2371 puto
717 2297 854 2372 exempla
872 2296 932 2354 iam
947 2295 1059 2373 vidisti,
1077 2295 1209 2371 priorum
1228 2315 1256 2371 p.
1272 2294 1304 2355 0.
1319 2314 1382 2355 sce-

212 2385 347 2443 culorum
368 2385 504 2460 exempla
523 2387 640 2444 servato
660 2387 795 2445 aetatum
816 2384 917 2444 ordino
933 2403 1105 2444 enumerare
1124 2403 1232 2460 operae
1251 2385 1381 2461 pretium

212 2493 271 2533 uon
286 2477 341 2550 est,
355 2493 433 2533 nunc
443 2474 543 2550 accipe
553 2474 717 2534 recentiora
730 2475 878 2550 quaedam
892 2473 911 2532 i.
923 2493 947 2534 e.
959 2474 1078 2534 saeculo
1088 2477 1196 2550 quarto
1206 2473 1381 2550 posteriora.

300 2563 413 2623 Romae
425 2562 470 2623 VI
484 2561 600 2639 †9157
620 2563 803 2624 Fortunatus
823 2584 882 2642 pp,
901 2581 925 2622 e.
943 2565 1016 2623 544.

300 2653 406 2712 Laude
424 2651 578 2726 V†6397
602 2649 823 2730 [For]tunatus,
843 2672 868 2713 a.
884 2655 960 2712 423.

301 2739 425 2802 Aeciouc‘
442 2741 486 2800 IX
500 2740 612 2818 †1376
632 2742 808 2818 Fortunata,
827 2760 852 2801 u.
868 2745 941 2802 491.

302 2831 481 2906 depravatas
500 2830 630 2889 nominis
649 2831 761 2890 formas
780 2831 884 2890 adfero
904 2831 971 2888 has:

301 2920 500 2979 suetonios:
519 2920 639 2978 Mediol.
653 2918 682 2976 V
697 2918 821 2996 †6230.

513 3009 625 3068 Romae
645 3007 690 3068 VI
706 3009 821 3070 18536.
836 3001 1027 3089 (‘furtunsdi'
1048 3009 1127 3086 apud
1141 3009 1280 3069 Roensch
1293 3009 1331 3069 It.
1351 3013 1383 3069 et

705 3097 794 3174 Vulg.
813 3119 842 3174 p.
857 3091 946 3178 465.)

301 3187 487 3248 Fertinates:
506 3187 617 3247 Romae
635 3187 679 3247 VI
694 3189 790 3248 9278.

301 3277 462 3358 Fortwutor
479 3276 596 3338 Salonis
613 3276 770 3338 1112534.

425 3367 457 3425 in
476 3384 547 3444 apro
565 3364 687 3426 Albensi
704 3365 747 3425 IX
762 3368 858 3428 3967.

300 3457 455 3515 Fortunio:
472 3455 600 3515 Proiectis
617 3455 644 3513 X
660 3456 754 3516 2546.

301 3545 476 3605 Fortuotus:
495 3545 607 3604 Romae
623 3543 668 3603 VI
685 3546 801 3604 21135.

301 3628 386 3712 (num
406 3634 496 3694 etiem
516 3635 641 3694 Formati
658 3652 766 3693 nomen
784 3633 842 3694 huc
860 3627 1026 3716 pertineti)

302 3725 463 3783 Foicooto:
482 3723 599 3783 Soloeis
616 3723 664 3782 ΙΠ
679 3725 774 3784 2427.

297 3813 532 3888 Γονὶωπαῦαφιωη
550 3832 620 3872 casu
634 3817 741 3888 quarto
760 3813 873 3890 legitur
891 3814 924 3872 iu
942 3815 1031 3873 titulo
1045 3813 1200 3874 Sermione·
1218 3814 1382 3874 christiano

609 3901 656 3962 HI
670 3902 816 3979 †10233.

303 3991 370 4052 vide
389 3992 511 4051 nomina
528 3991 698 4051 Fortunatii
717 3995 748 4051 et
766 3992 983 4053 Fortunatiani.

727 4127 865 4194 Fructus

302 4243 411 4303 servile
430 4261 545 4302 nomen.
582 4242 701 4302 fruendi
719 4242 845 4303 verbum
868 4242 1037 4319 antiquiore
1056 4244 1191 4318 tempore
1214 4244 1287 4303 fecit
1304 4245 1382 4302 fruc·

212 4335 262 4392 tus
282 4352 361 4403 sum;
381 4334 436 4392 hoc
454 4331 646 4408 participium
660 4332 760 4406 potuit
778 4336 809 4390 et
823 4331 952 4391 ectivcm
971 4337 1002 4391 et
1020 4330 1172 4406 passivam
1192 4333 1251 4392 vim
1272 4332 1382 4392 habere

214 4415 362 4503 (‘iruitur'
374 4421 493 4499 passive
504 4421 579 4482 dixit
589 4419 677 4499 Grsg.
688 4421 758 4480 Tur.
769 4420 822 4482 uit.
831 4425 908 4497 petr.
923 4423 971 4482 12.
986 4443 1013 4498 p.
1027 4422 1089 4480 712
1101 4422 1145 4481 ed.
1158 4412 1288 4503 Arndt),
1302 4422 1382 4482 siout
