3088 4886
752 235 802 292 Gu.
823 237 902 292 Ottor

740 416 920 483 Benenatus

329 549 463 625 Romani,
482 552 516 608 ut
535 549 685 624 parientes
704 552 918 624 nascentesque
936 548 1065 624 propriis
1085 549 1332 610 commendabant
1356 571 1413 610 nu-

240 639 381 716 minibus,
399 637 444 697 ita
461 657 569 698 nomen
588 657 705 714 quoque
729 658 746 696 6
764 637 845 697 felici
863 642 953 713 partu
971 637 1135 714 finxerunt,
1154 639 1233 714 quud
1253 642 1299 698 est
1318 640 1411 700 Bene·

241 731 340 786 66666.
385 729 441 787 666
468 746 577 786 66666
605 727 779 786 humillimis
808 727 879 786 solis
907 726 1049 800 inditum,
1084 728 1134 786 vix
1161 731 1231 786 ante
1260 731 1411 788 saeculum

243 817 403 876 secundum
428 816 547 875 videtur
571 819 668 875 ortum
694 833 771 894 assa,
794 835 891 891 neque
915 815 1067 875 invenitur
1089 816 1148 874 nisi
1170 814 1321 875 16661166
1348 816 1411 878 Ois-

242 907 352 980 alpiau,
376 907 406 963 in
427 904 526 965 Gallio
546 906 743 974 Narbonensi,
765 905 797 964 in
815 904 939 978 Africa·
965 923 1024 980 qua
1043 905 1073 964 in
1093 909 1174 963 terra
1192 906 1250 964 duo
1270 906 1414 984 antiquis-

241 995 317 1054 sima
346 1013 422 1071 quaa
454 995 524 1053 novi
555 993 730 1069 prodierunt
757 995 895 1070 exempla
917 1013 1011 1070 eaque
1038 993 1157 1054 ethnica
1184 987 1413 1075 (1111112666.

243 1075 375 1163 18378),
396 1102 462 1142 666
476 1087 575 1142 cetera
590 1084 690 1142 omnia
704 1084 874 1142 christianis
889 1084 1054 1142 debeantur
1067 1084 1173 1146 titulis.
1201 1088 1292 1160 atque
1306 1086 1412 1144 borum

242 1173 331 1247 longe
350 1172 444 1232 maior
462 1191 532 1248 pars
550 1173 652 1247 paucis
668 1171 753 1232 annis
773 1172 880 1232 abhinc
900 1171 1074 1246 0661666166
1093 1174 1201 1232 effossa
1219 1177 1282 1250 est,
1304 1175 1412 1250 661666

240 1260 340 1320 titulis
360 1261 436 1319 bene
450 1262 595 1321 66666666
608 1262 738 1337 episcopi
752 1260 886 1320 Africani
901 1261 1087 1322 saeculorum
1101 1262 1202 1338 quarti
1221 1265 1252 1321 66
1270 1263 1368 1338 quinti
1383 1265 1415 1324 in

241 1349 326 1408 libris
345 1349 458 1409 traditi.

328 1438 475 1498 Benenati
494 1442 548 1497 aut
560 1438 734 1498 Benenaiae
752 1442 922 1498 66666666
940 1439 972 1497 in
989 1439 1319 1519 tituchede‘olaniensi
1337 1440 1412 1500 chri·

241 1527 337 1587 661666
354 1527 380 1585 V
396 1529 459 1587 627
463 1530 492 1604 8,
511 1528 562 1602 qui
577 1547 602 1586 a.
618 1529 681 1588 425
698 1528 826 1604 scriptus
842 1531 896 1589 est.
928 1533 1084 1603 praeterea
1100 1528 1266 1598 Cremonae,
1284 1529 1412 1599 Arelate,

240 1616 397 1684 Massiliae
421 1617 476 1676 hoc
499 1635 608 1676 66666
630 1616 739 1676 inveni.
777 1617 892 1692 placuit
916 1617 1011 1693 igitur
1029 1617 1155 1676 maxime
1175 1619 1359 1694 christianis,
1383 1623 1413 1678 et

240 1705 399 1782 praecipue
422 1705 454 1763 in
478 1705 579 1764 Africa
601 1706 633 1763 in
658 1725 715 1764 usu
738 1706 811 1781 fuit3
835 1725 906 1765 6666
930 1709 1030 1765 66666
1055 1705 1208 1782 accidisse,
1232 1711 1267 1767 66
1293 1712 1412 1784 praeter

241 1791 503 1870 Carthaginienses
523 1795 582 1854 duo
605 1797 723 1853 tantum
746 1794 831 1858 tituli
853 1794 987 1853 Africani
1012 1787 1101 1876 (VIII
1117 1797 1234 1856 18378.
1252 1794 1273 1873 i
1290 1790 1413 1880 16396)

240 1883 296 1942 666
314 1902 422 1943 66666
441 1883 613 1961 praebeant,
637 1883 842 1960 episcoporum
862 1888 993 1962 quorum'
1006 1902 1097 1960 supra
1120 1885 1301 1945 mentionem
1325 1887 1414 1946 inieci
1440 1909 1441 1914 ¹

240 1973 465 2033 demonstratur
482 1972 660 2034 nominibus.

741 2107 911 2174 Blaesatus

328 2221 384 2281 boc
402 2241 510 2282 nomen
529 2241 548 2282 6
564 2223 666 2281 616666
686 2225 788 2280 ertum·
804 2224 864 2297 666,
884 2224 918 2280 66
936 2223 1065 2280 6666666
1091 2240 1109 2279 6
1128 2222 1213 2282 6666.
1251 2222 1363 2299 legitur
1381 2223 1412 2282 in

241 2309 331 2372 titulo
357 2311 514 2371 Viruueusi
532 2311 701 2372 11111617
719 2301 777 2392 (=
788 2304 902 2389 4926):
927 2311 971 2370 Ti.
986 2310 1042 2370 Iul.
1057 2310 1192 2370 Blaesati
1210 2312 1229 2370 l.
1245 2311 1371 2388 Hospes.

765 2497 889 2565 Bonata

329 2613 443 2674 abono
463 2613 587 2672 Romani
610 2612 731 2673 nomina
753 2613 916 2690 finxerunt,
940 2631 1017 2690 6666
1041 2615 1112 2673 6666
1129 2613 1246 2692 Β6666,
1270 2611 1411 2688 Bonatus,
1536 2653 1537 2666 ,

240 2703 376 2777 Bonitus,
395 2702 515 2778 Bonica,
534 2702 730 2777 Bonicianus,
748 2701 851 2775 Bauio,
871 2702 1020 2776 Bonosus3
1044 2721 1171 2776 quorum
1190 2705 1306 2776 partem
1325 2703 1411 2762 video

240 2793 320 2852 viros
339 2793 442 2852 doctos
456 2790 578 2866 linguae
594 2788 724 2848 Celticae
738 2789 849 2865 peritos
865 2809 919 2865 pro
934 2787 1055 2848 Celticis
1074 2790 1192 2850 habere.
1226 2791 1279 2850 sed
1294 2794 1411 2868 errant,

240 2881 312 2939 lieet
330 2881 409 2938 enim
428 2880 502 2938 6666
524 2877 628 2956 lingua
646 2879 739 2938 verba
758 2877 897 2936 habuerit
915 2877 1038 2953 similia,
1064 2882 1164 2937 tamen
1183 2898 1279 2955 neque
1298 2879 1329 2938 in
1348 2879 1412 2938 Cel·
1535 2899 1536 2932 4

240 2969 306 3028 licis
326 2972 443 3027 666666
463 2967 636 3043 regionibus
654 2967 849 3027 inveniuntur
867 2966 920 3025 illa
937 2966 1073 3039 nomina,
1093 2972 1124 3026 et
1142 2968 1245 3028 multia
1264 2967 1411 3045 analogiis

240 3057 345 3134 lingua
362 3057 458 3116 latina
482 3075 518 3115 ea
542 3056 600 3114 sibi
619 3055 759 3116 vindicat.
797 3056 868 3133 quid
888 3057 966 3132 quod
993 3055 1185 3132 participium
1203 3057 1332 3117 bonatus
1350 3058 1411 3114 iam

240 3147 270 3204 in
287 3145 409 3204 Petroni
430 3148 485 3204 661.
503 3146 543 3204 74
562 3143 712 3220 legimus?
741 3144 792 3204 sed
811 3145 863 3220 qui
877 3144 998 3204 nomina
1013 3165 1089 3222 quaa
1109 3149 1180 3205 sunt
1194 3146 1290 3206 Bonia
1309 3148 1340 3206 et
1354 3145 1410 3206 Bc·

239 3234 340 3294 niatus
367 3233 509 3294 Romanis
533 3233 729 3306 abiudicabit,
757 3237 837 3292 recte
862 3234 965 3309 opinor
988 3234 1088 3294 faciet.
1133 3254 1203 3294 nam
1230 3254 1290 3294 non
1314 3236 1411 3293 solum

240 3323 354 3383 Boniae
374 3342 490 3398 nomen,
510 3341 578 3381 cum
596 3322 780 3397 gentilicium
797 3341 856 3382 non
875 3323 924 3398 sit,
943 3322 1110 3382 aRomana
1128 3323 1280 3382 nominum
1299 3323 1413 3398 fingen-

241 3413 346 3471 dorum
364 3413 480 3470 ratione
500 3409 651 3490 abhorret,
670 3410 722 3470 666
741 3411 815 3470 6666
829 3409 888 3469 duo
907 3411 1027 3470 nomina
1046 3415 1149 3488 aperte
1163 3411 1274 3472 Norica
1293 3414 1363 3470 6666
1381 3413 1412 3470 66
1534 3401 1535 3454 s

239 3502 270 3560 in
290 3501 484 3560 barbarorum
506 3499 659 3560 hominum
678 3499 776 3558 titulis
796 3499 950 3575 adparent.
999 3524 1002 3529 ·

330 3589 474 3665 Septimia
499 3587 626 3663 Bonata,
651 3607 725 3647 uxor
743 3588 879 3648 veterani
902 3589 960 3665 leg.
979 3587 1010 3646 II
1026 3587 1082 3648 Ad.
1103 3593 1149 3650 est
1173 3589 1203 3649 iu
1223 3589 1312 3649 titulo
1332 3591 1410 3650 Paa-

240 3681 345 3738 uoru‘uc
367 3681 516 3752 inferioris
534 3675 581 3738 ΠΙ
596 3679 682 3736 3314
707 3677 824 3736 6666616
840 3677 899 3750 III,
923 3681 958 3736 66
976 3677 1093 3753 opinor,
1113 3679 1232 3754 scripto.
1270 3678 1335 3736 Tul.
1355 3679 1412 3736 Bo-

240 3769 342 3826 nalam
361 3767 453 3826 habes
472 3767 503 3826 in
521 3767 611 3825 titulo
629 3765 806 3825 Mauretuao
825 3765 898 3824 VIII
918 3768 1013 3826 8742.
1054 3764 1214 3826 Βοννᾶτοε
1232 3761 1336 3840 ἱερεὺς
1359 3762 1411 3827 Τι-

242 3851 348 3931 βερίου
374 3849 526 3929 Καίεαρο(
544 3855 655 3932 legitur
680 3855 710 3914 in
731 3855 821 3914 titulo
841 3853 953 3914 Graeco
973 3855 1053 3931 apud
1071 3855 1199 3915 Boeokh.
1217 3874 1244 3915 n.
1262 3855 1356 3914 3461.

759 4025 895 4092 Renibus

329 4160 347 4200 6
365 4141 443 4200 6666
466 4159 525 4200 non
544 4141 632 4200 modo
651 4139 780 4199 bonatus
799 4144 900 4200 ortum
919 4143 979 4217 est,
1003 4139 1056 4199 sed
1074 4138 1166 4199 etiam
1183 4137 1325 4216 Bonitus3
1344 4159 1410 4200 con-
1532 4197 1533 4206 ἦ

243 4229 289 4290 ier
307 4229 400 4292 verba
418 4229 664 4304 artare—antire,
683 4215 1053 4306 impetrare-impetrire,
1071 4227 1193 4305 delitus,
1210 4226 1408 4305 fulgurare-

240 4320 390 4396 fulgurire
413 4320 451 4380 al.
487 4319 543 4381 hoc
565 4337 673 4378 nomen
697 4317 809 4390 legitur
831 4317 863 4376 in
885 4319 979 4377 latere
1002 4319 1115 4378 urbano
1129 4316 1185 4376 XV
1201 4317 1303 4395 1680,
1322 4336 1409 4394 6666

242 4409 413 4470 Dresselius
427 4408 613 4468 Diocletiano
632 4406 827 4484 posteriorem
846 4409 947 4484 putat3
967 4407 1077 4468 Bonita
1090 4407 1146 4468 Iul.
1162 4407 1270 4468 Vitalis
1288 4405 1351 4464 filia
1365 4407 1411 4466 eat
1531 4391 1532 4424 ³
